@unpublished{Warren2017,
    title = {{0x : An open protocol for decentralized exchange on the Ethereum blockchain}},
    year = {2017},
    author = {Warren, Will and Bandeali, Amir},
    pages = {1--16}
}

@techreport{CitiPrimeFinance2012,
    title = {{2012 Hedge Fund Business Expense Survey}},
    year = {2012},
    author = {{Citi Prime Finance}}
}

@techreport{CitiPrimeFinance2013,
    title = {{2013 Business Expense Benchmark Survey}},
    year = {2013},
    author = {{Citi Prime Finance}}
}

@techreport{Edelman2017,
    title = {{2017 Edelman Trust Barometer}},
    year = {2017},
    author = {Harary, Antoine and Bersoff, David M. and Adkins, Sarah and Schmidt, Steve and Lvovich, Stephanie and Bonifaz, Gustavo and Heume, Kristin},
    number = {17},
    institution = {Edelman}
}

@misc{Burke2016,
    title = {{6 Things We Learned from Analysing 227 Corporates in the Blockchain Ecosystem}},
    year = {2016},
    author = {Burke, Jamie},
    url = {https://www.linkedin.com/pulse/5-things-we-learned-from-analysing-227-corporates-blockchain-burke?trk=hp-feed-article-title-share}
}

@article{Gao2018,
    title = {{A Blockchain-Based Privacy-Preserving Payment Mechanism for Vehicle-to-Grid Networks}},
    year = {2018},
    journal = {IEEE Network},
    author = {Gao, Feng and Zhu, Liehuang and Shen, Meng and Sharif, Kashif and Wan, Zhiguo and Ren, Kui},
    pages = {1--9},
    doi = {10.1109/MNET.2018.1700269},
    issn = {08908044},
    keywords = {Data privacy, Peer-to-peer computing, Privacy, Reliability, Vehicle-to-grid}
}

@article{Balakrishnan2013,
    title = {{A Comparative Analysis of Trust Models for Multi-Agent Systems}},
    year = {2013},
    journal = {Lecture Notes on Software Engineering},
    author = {Balakrishnan, Vimala and Majd, Elham},
    number = {2},
    pages = {183--185},
    volume = {1},
    doi = {10.7763/LNSE.2013.V1.41},
    issn = {23013559}
}

@inproceedings{Mui2002,
    title = {{A computational model of trust and reputation}},
    year = {2002},
    booktitle = {HICSS. Proceedings of the 35th Annual Hawaii International Conference on System Sciences},
    author = {Mui, Lik and Mohtashemi, Mojdeh and Halberstadt, Ari},
    pages = {2431--2439},
    volume = {5},
    publisher = {IEEE},
    isbn = {0-7695-1435-9},
    doi = {10.1109/HICSS.2002.994181},
    issn = {15301605}
}

@article{Pereira1849,
    title = {{A Computational Model of Trust Based on Message Content and Source ( Extended Abstract )}},
    year = {1849},
    author = {Pereira, Costa and Tettamanzi, Andrea G B and Villata, Serena},
    number = {3},
    pages = {1849--1850},
    keywords = {argumentation theory, bdi agents, distrust, goals, trust}
}

@article{Sergey2017,
    title = {{A concurrent perspective on smart contracts}},
    year = {2017},
    journal = {Lecture Notes in Computer Science (including subseries Lecture Notes in Artificial Intelligence and Lecture Notes in Bioinformatics)},
    author = {Sergey, Ilya and Hobor, Aquinas},
    pages = {478--493},
    volume = {10323 LNCS},
    isbn = {9783319702773},
    doi = {10.1007/978-3-319-70278-0{\_}30},
    issn = {16113349},
    arxivId = {1702.05511}
}

@incollection{Decker2015,
    title = {{A Fast and Scalable Payment Network with Bitcoin Duplex Micropayment Channels}},
    year = {2015},
    booktitle = {Lecture Notes in Computer Science (including subseries Lecture Notes in Artificial Intelligence and Lecture Notes in Bioinformatics)},
    author = {Decker, Christian and Wattenhofer, Roger},
    editor = {Pelc, Andrzej and Schwarzmann, Alexander A.},
    pages = {3--18},
    volume = {9212},
    publisher = {Springer International Publishing},
    address = {Cham},
    doi = {10.1007/978-3-319-21741-3{\_}1}
}

@inproceedings{Meiklejohn2013,
    title = {{A fistful of bitcoins}},
    year = {2013},
    booktitle = {Proceedings of the 2013 conference on Internet measurement conference - IMC '13},
    author = {Meiklejohn, Sarah and Pomarole, Marjori and Jordan, Grant and Levchenko, Kirill and McCoy, Damon and Voelker, Geoffrey M. and Savage, Stefan},
    number = {6},
    pages = {127--140},
    publisher = {ACM Press},
    url = {http://dl.acm.org/citation.cfm?id=2504730.2504747 http://dl.acm.org/citation.cfm?doid=2504730.2504747},
    address = {New York, New York, USA},
    isbn = {9781450319539},
    doi = {10.1145/2504730.2504747},
    issn = {15577317},
    keywords = {anonymity, bitcoin, measurement}
}

@article{Governatori2006,
    title = {{A formal analysis of a business contract language}},
    year = {2006},
    journal = {International Journal of Cooperative Information Systems},
    author = {Governatori, Guido and Milosevic, Zoran},
    number = {4},
    pages = {659--685},
    volume = {15},
    url = {http://citeseerx.ist.psu.edu/viewdoc/download?doi=10.1.1.142.3115&amp;rep=rep1&amp;type=pdf},
    doi = {10.1142/S0218843006001529},
    issn = {0218-8430},
    keywords = {business contract language, formal contract language}
}

@article{Dumas2002,
    title = {{A formal approach to negotiating agents development}},
    year = {2002},
    journal = {Electronic Commerce Research and Applications},
    author = {Dumas, Marlon and Governatori, Guido and ter Hofstede, Arthur H.M. and Oaks, Phillipa},
    number = {2},
    month = {6},
    pages = {193--207},
    volume = {1},
    url = {http://linkinghub.elsevier.com/retrieve/pii/S1567422302000169},
    doi = {10.1016/S1567-4223(02)00016-9},
    issn = {15674223},
    keywords = {Automated negotiation, Defeasible logic, Software agent, Statecharts}
}

@article{Jones1996,
    title = {{A Formal Characterisation of Institutionalised Power}},
    year = {1996},
    journal = {Journal of IGPL},
    author = {Jones, Andrew J. I. and Sergot, Marek},
    number = {3},
    pages = {427--443},
    volume = {4},
    url = {http://jigpal.oxfordjournals.org/cgi/doi/10.1093/jigpal/4.3.427},
    doi = {10.1093/jigpal/4.3.427},
    issn = {1367-0751}
}

@article{Braga2009,
    title = {{A Formal Semantics for a Quality of Service Contract Language}},
    year = {2009},
    journal = {Electronic Notes in Theoretical Computer Science},
    author = {Braga, Christiano and Chalub, Fabricio and Sztajnberg, Alexandre},
    number = {7},
    pages = {103--120},
    volume = {203},
    publisher = {Elsevier B.V.},
    url = {http://dx.doi.org/10.1016/j.entcs.2009.03.029},
    doi = {10.1016/j.entcs.2009.03.029},
    issn = {15710661},
    keywords = {MSOS, Maude, QoS contracts, software architecture description languages}
}

@inproceedings{Park2018,
    title = {{A Formal Verification Tool for Ethereum VM Bytecode}},
    year = {2018},
    booktitle = {Proceedings of the 2018 ACM SIGSOFT International Symposium on Foundations of Software Engineering (FSE’18)},
    author = {Park, Daejun and Zhang, Yi and Saxena, Manasvi and Rosu, Grigore and Daian, Philip},
    pages = {18--21}
}

@article{Cousot2010,
    title = {{A gentle introduction to formal verification of computer systems by abstract interpretation}},
    year = {2010},
    journal = {Logics and Languages for Reliability and Security},
    author = {Cousot, Patrick and Cousot, Radhia},
    pages = {1--29},
    url = {http://hal.inria.fr/inria-00543886/en/},
    doi = {10.3233/978-1-60750-100-8-1},
    keywords = {abstract interpretation, formal methods, static analysis, verification}
}

@article{Crawford1995,
    title = {{A Grammar of Institutions}},
    year = {1995},
    journal = {American Political Science Review},
    author = {Crawford, Sue E. S. and Ostrom, Elinor},
    number = {03},
    pages = {582--600},
    volume = {89},
    url = {http://www.journals.cambridge.org/abstract_S0003055400097173},
    isbn = {9783110264975},
    doi = {10.2307/2082975},
    issn = {0003-0554}
}

@misc{Lynch1989,
    title = {{A Hundred Impossiblility Proofs for Distributed Computing}},
    year = {1989},
    booktitle = {Proceedings of the Eighth Annual {\{}ACM{\}} Symposium on Principles of Distributed Computing},
    author = {Lynch, N},
    pages = {1--28},
    url = {http://doi.acm.org/10.1145/72981.72982},
    isbn = {0897913264},
    doi = {10.1145/72981.72982}
}

@phdthesis{Verharen1997,
    title = {{A Language-Action Perspective on the Design of Cooperative Information Agents}},
    year = {1997},
    author = {Verharen, Egon Marc},
    school = {Tilburg University}
}

@inproceedings{Chen2018,
    title = {{A Language-Independent Approach to Smart Contract Verification}},
    year = {2018},
    booktitle = {8th International Symposium On Leveraging Applications of Formal Methods, Verification and Validation (ISoLA'18)},
    author = {Chen, Xiaohong and Park, Daejun and Rosu, Grigore}
}

@article{Xu2004,
    title = {{A multi-party contract model}},
    year = {2004},
    journal = {ACM SIGecom Exchanges},
    author = {Xu, Lai},
    number = {1},
    pages = {13--23},
    volume = {5},
    url = {http://portal.acm.org/citation.cfm?doid=1120694.1120697},
    doi = {10.1145/1120694.1120697},
    issn = {15519031},
    keywords = {Contract violation, Detecting contract violation, E-contract}
}

@misc{Lippmeier2018,
    title = {{A new language for a new paradigm: smart contracts}},
    year = {2018},
    booktitle = {DAML series},
    author = {Lippmeier, Ben and Kmett, Edward},
    url = {https://medium.com/daml-driven/a-new-language-for-a-new-paradigm-smart-contracts-648cc30294ad}
}

@misc{Buterin2013,
    title = {{A Next-Generation Smart Contract and Decentralized Application Platform}},
    year = {2013},
    author = {Buterin, Vitalik},
    url = {https://github.com/ethereum/wiki/wiki/White-Paper}
}

@misc{ParityTech2017,
    title = {{A Postmortem on the Parity Multi-Sig Library Self-Destruct}},
    year = {2017},
    author = {{Parity Tech}},
    url = {https://paritytech.io/a-postmortem-on-the-parity-multi-sig-library-self-destruct/}
}

@article{Fung1999,
    title = {{A primer on hedge funds}},
    year = {1999},
    journal = {Journal of Empirical Finance},
    author = {Fung, William and Hsieh, David A},
    editor = {Tran, Vinh Q.},
    number = {3},
    month = {9},
    pages = {309--331},
    volume = {6},
    publisher = {John Wiley {\&} Sons, Inc.},
    address = {Hoboken, NJ, USA},
    issn = {09275398}
}

@misc{Buterin2016a,
    title = {{A Proof of Stake Design Philosophy}},
    year = {2016},
    author = {Buterin, Vitalik},
    url = {https://medium.com/@VitalikButerin/a-proof-of-stake-design-philosophy-506585978d51#.ebrfrh9c4}
}

@article{Vavilis,
    title = {{A Reference Model for Reputation Systems}},
    author = {Vavilis, Sokratis and Zannone, Nicola},
    keywords = {corresponding author, reference model, reputation systems, trust requirements}
}

@article{Tran2002,
    title = {{A reputation-oriented reinforcement learning approach for agents in electronic marketplaces}},
    year = {2002},
    journal = {Aaai/Iaai},
    author = {Tran, Thomas and Cohen, R},
    pages = {1996},
    url = {http://www.aaai.org/Papers/AAAI/2002/AAAI02-167.pdf},
    keywords = {e-commerce applications, multi-agent systems, of agents, reinforcement learning, reputation}
}

@unpublished{Teutsch2017,
    title = {{A scalable verification solution for blockchains}},
    year = {2017},
    author = {Teutsch, Jason and Reitwie{\ss}ner, Christian},
    pages = {1--44}
}

@inproceedings{Grishchenko2018,
    title = {{A Semantic Framework for the Security Analysis of Ethereum Smart Contracts}},
    year = {2018},
    booktitle = {Principles of Security and Trust},
    author = {Grishchenko, Ilya and Maffei, Matteo and Schneidewind, Clara},
    pages = {243--269},
    volume = {10804},
    publisher = {Springer International Publishing},
    isbn = {978-3-662-54454-9},
    doi = {10.1007/978-3-319-89722-6{\_}10}
}

@misc{Brown2015,
    title = {{A Simple Model for Smart Contracts}},
    year = {2015},
    author = {Brown, Richard},
    url = {https://gendal.me/2015/02/10/a-simple-model-for-smart-contracts/}
}

@misc{DelaRouviere2017,
    title = {{A Summary of My Work On Blockchain-Based Economic Coordination}},
    year = {2017},
    author = {de la Rouviere, Simon},
    url = {https://medium.com/@simondlr/a-summary-of-my-work-on-blockchain-based-economic-coordination-41fd759239a6}
}

@article{Atzei2017,
    title = {{A survey of attacks on Ethereum smart contracts}},
    year = {2017},
    journal = {Lecture Notes in Computer Science (including subseries Lecture Notes in Artificial Intelligence and Lecture Notes in Bioinformatics)},
    author = {Atzei, Nicola and Bartoletti, Massimo and Cimoli, Tiziana},
    number = {July},
    pages = {164--186},
    volume = {10204 LNCS},
    isbn = {9783662544549},
    doi = {10.1007/978-3-662-54455-6{\_}8},
    issn = {16113349},
    pmid = {21675331},
    arxivId = {arXiv:1011.1669v3}
}

@inproceedings{Hvitved2010,
    title = {{A Survey of Formal Languages for Contracts}},
    year = {2010},
    booktitle = {4th International Workshop on Formal Languages and Analysis of Contract-Oriented Software, 2010},
    author = {Hvitved, Tom},
    pages = {29--32}
}

@article{HanYu2013,
    title = {{A Survey of Multi-Agent Trust Management Systems}},
    year = {2013},
    journal = {IEEE Access},
    author = {{Han Yu} and {Zhiqi Shen} and Leung, Cyril and {Chunyan Miao} and Lesser, Victor R},
    pages = {35--50},
    volume = {1},
    url = {http://ieeexplore.ieee.org/document/6514820/},
    doi = {10.1109/ACCESS.2013.2259892},
    issn = {2169-3536}
}

@article{Baldoni2016,
    title = {{A Survey of Symbolic Execution Techniques}},
    year = {2018},
    journal = {ACM Computing Surveys},
    author = {Baldoni, Roberto and Coppa, Emilio and D’elia, Daniele Cono and Demetrescu, Camil and Finocchi, Irene},
    number = {3},
    month = {5},
    pages = {1--39},
    volume = {51},
    url = {http://arxiv.org/abs/1610.00502 http://dl.acm.org/citation.cfm?doid=3212709.3182657},
    doi = {10.1145/3182657},
    issn = {03600300},
    arxivId = {1610.00502}
}

@article{Josang2007,
    title = {{A survey of trust and reputation systems for online service provision}},
    year = {2007},
    journal = {Decision Support Systems},
    author = {J{\o}sang, Audun and Ismail, Roslan and Boyd, Colin},
    number = {2},
    month = {3},
    pages = {618--644},
    volume = {43},
    url = {http://linkinghub.elsevier.com/retrieve/pii/S0167923605000849},
    doi = {10.1016/j.dss.2005.05.019},
    issn = {01679236},
    keywords = {collaboration, decision, e-commerce, reputation, security, transitivity, trust}
}

@article{Artz2007,
    title = {{A survey of trust in computer science and the Semantic Web}},
    year = {2007},
    journal = {Web Semantics: Science, Services and Agents on the World Wide Web},
    author = {Artz, Donovan and Gil, Yolanda},
    number = {2},
    month = {6},
    pages = {58--71},
    volume = {5},
    doi = {10.1016/j.websem.2007.03.002},
    issn = {15708268},
    keywords = {policies, reputation, trust, web of trust}
}

@article{Grandison2000,
    title = {{A survey of trust in internet applications}},
    year = {2000},
    journal = {IEEE Communications Surveys {\&} Tutorials},
    author = {Grandison, Tyrone and Sloman, Morri},
    number = {4},
    pages = {2--16},
    volume = {3},
    url = {http://ieeexplore.ieee.org/document/5340804/},
    doi = {10.1109/COMST.2000.5340804},
    issn = {1553-877X}
}

@article{Alur1994,
    title = {{A theory of timed automata• 1}},
    year = {1994},
    journal = {Theoretical computer science},
    author = {Alur, Rajeev and Dill, D.L.},
    number = {2},
    pages = {183–235},
    volume = {126},
    url = {http://www.sciencedirect.com/science/article/pii/0304397594900108},
    doi = {10.1.1.51.1093},
    issn = {03043975},
    keywords = {automatic veri cation, automaton, formal languages and au-, formal methods, real-time systems}
}

@article{Linington2004,
    title = {{A unified behavioural model and a contract language for extended enterprise}},
    year = {2004},
    journal = {Data and Knowledge Engineering},
    author = {Linington, Peter F. and Milosevic, Zoran and Cole, James and Gibson, Simon and Kulkarini, Sachin and Neal, Stephen},
    number = {1},
    pages = {5--29},
    volume = {51},
    doi = {10.1016/j.datak.2004.03.005},
    issn = {0169023X},
    keywords = {Contracts, Cooperative work, E-commerce, Enterprise specification, Web applications/XML}
}

@inproceedings{Kafali2009,
    title = {{Adapting Reinforcement Learning for Trust: Effective Modeling in Dynamic Environments}},
    year = {2009},
    booktitle = {2009 IEEE/WIC/ACM International Joint Conference on Web Intelligence and Intelligent Agent Technology},
    author = {Kafali, Özgür and Yolum, Pinar},
    pages = {383--386},
    volume = {1},
    publisher = {IEEE},
    url = {http://ieeexplore.ieee.org/document/5286043/},
    isbn = {978-0-7695-3801-3},
    doi = {10.1109/WI-IAT.2009.67},
    keywords = {Modeling, Reinforcement learning, Trust}
}

@article{Wooldridge1995,
    title = {{Agent Theories, Architecture, and Languages: A Survey}},
    year = {1995},
    journal = {Proceeding ECAI-94:Workshop on Agent Theories, Architecture, and Languages},
    author = {Wooldridge, Michael and Jennings, Nicholas},
    pages = {1--39}
}

@article{Wooldridge1997,
    title = {{Agent-based software engineering}},
    year = {1997},
    journal = {IEE Proceedings - Software Engineering},
    author = {Wooldridge, Michael},
    number = {1},
    pages = {26},
    volume = {144},
    url = {http://digital-library.theiet.org/content/journals/10.1049/ip-sen_19971026},
    doi = {10.1049/ip-sen:19971026},
    issn = {13645080}
}

@misc{McConaghy2016,
    title = {{AI DAOs, and Three Paths to Get There}},
    year = {2016},
    author = {McConaghy, Trent},
    url = {https://blog.bigchaindb.com/ai-daos-and-three-paths-to-get-there-cfa0a4cc37b8}
}

@misc{Turner2017,
    title = {{AI regulation is being controlled by the tech companies}},
    year = {2017},
    author = {Turner, Jacob},
    url = {https://qz.com/1145668/letting-facebook-control-ai-regulation-is-like-letting-the-nra-control-gun-laws/}
}

@article{Chen2016,
    title = {{Algorand}},
    year = {2016},
    author = {Chen, Jing and Micali, Silvio},
    pages = {1--75},
    url = {http://arxiv.org/abs/1607.01341},
    arxivId = {1607.01341}
}

@book{Nisan2007,
    title = {{Algorithmic Game Theory}},
    year = {2007},
    author = {Nisan, Noam and Roughgarden, Tim and Tardos, Eva and Vazirani, Vijay V.},
    editor = {Nisan, Noam and Roughgarden, Tim and Tardos, Eva and Vazirani, Vijay V.},
    month = {7},
    pages = {1--754},
    volume = {1},
    publisher = {Cambridge University Press},
    url = {http://portal.acm.org/citation.cfm?doid=1785414.1785439 http://ebooks.cambridge.org/ref/id/CBO9780511800481},
    address = {Cambridge},
    isbn = {9780511800481},
    doi = {10.1017/CBO9780511800481},
    issn = {00010782},
    pmid = {16026978},
    arxivId = {0907.4385}
}

@article{Nisan2001,
    title = {{Algorithmic Mechanism Design}},
    year = {2001},
    journal = {Games and Economic Behavior},
    author = {Nisan, Noam and Ronen, Amir},
    number = {1-2},
    month = {4},
    pages = {166--196},
    volume = {35},
    url = {http://linkinghub.elsevier.com/retrieve/pii/S089982569990790X},
    isbn = {1581130678},
    doi = {10.1006/game.1999.0790},
    issn = {08998256},
    pmid = {15369053}
}

@book{Clavel2007,
    title = {{All About Maude - A High-Performance Logical Framework, How to Specify, Program and Verify Systems in Rewriting Logic}},
    year = {2007},
    booktitle = {Lecture Notes in Computer Science},
    author = {Clavel, Manuel and Dur{\'{a}}n, Francisco and Eker, Steven and Lincoln, Patrick and Mart{\'{i}}-Oliet, Narciso and Meseguer, José and Talcott, Carolyn},
    isbn = {9783540719403},
    doi = {10.1007/978-3-540-71999-1},
    issn = {03029743}
}

@incollection{Reid2013,
    title = {{An Analysis of Anonymity in the Bitcoin System}},
    year = {2013},
    booktitle = {Security and Privacy in Social Networks},
    author = {Reid, Fergal and Harrigan, Martin},
    pages = {197--223},
    publisher = {Springer New York},
    address = {New York, NY, USA}
}

@inproceedings{Baarslag2017,
    title = {{An Automated Negotiation Agent for Permission Management}},
    year = {2017},
    booktitle = {Proceedings of the 16th Conference on Autonomous Agents and MultiAgent Systems},
    author = {Baarslag, Tim and Alan, Alper T and Gomer, Richard and Keynes, Milton and Gerding, Enrico H},
    pages = {380--390},
    keywords = {Automated negotiation, Mobile apps, Negotiation agent, Negotiation cost, Partial offers, Permissions, Preference learning, Privacy}
}

@article{Rishwaraj2017,
    title = {{An efficient trust estimation model for multi-agent systems using temporal difference learning}},
    year = {2017},
    journal = {Neural Computing and Applications},
    author = {Rishwaraj, G. and Ponnambalam, S. G. and Kiong, Loo Chu},
    number = {S1},
    month = {12},
    pages = {461--474},
    volume = {28},
    publisher = {Springer London},
    url = {http://link.springer.com/10.1007/s00521-016-2354-0},
    doi = {10.1007/s00521-016-2354-0},
    issn = {0941-0643},
    keywords = {Multi-agent system, Temporal difference learning, Trust estimation}
}

@incollection{Bartoletti2017,
    title = {{An Empirical Analysis of Smart Contracts: Platforms, Applications, and Design Patterns}},
    year = {2017},
    booktitle = {Lecture Notes in Computer Science},
    author = {Bartoletti, Massimo and Pompianu, Livio},
    pages = {494--509},
    volume = {10323},
    url = {http://link.springer.com/10.1007/978-3-319-70278-0},
    address = {Cham},
    isbn = {978-3-319-70277-3},
    doi = {10.1007/978-3-319-70278-0{\_}31},
    issn = {16113349}
}

@article{Kalodner2015,
    title = {{An empirical study of Namecoin and lessons for decentralized namespace design}},
    year = {2015},
    journal = {14th Annual Workshop on the Economics of Information Security (WEIS)},
    author = {Kalodner, Harry and Carlsten, Miles and Ellenbogen, Paul and Bonneau, Joseph and Narayanan, Arvind}
}

@inproceedings{Yu2002,
    title = {{An evidential model of distributed reputation management}},
    year = {2002},
    booktitle = {Proceedings of the first international joint conference on Autonomous agents and multiagent systems part 1 - AAMAS '02},
    author = {Yu, Bin and Singh, Munindar P.},
    pages = {294},
    publisher = {ACM Press},
    url = {http://dl.acm.org/citation.cfm?id=544809 http://portal.acm.org/citation.cfm?doid=544741.544809},
    address = {New York, New York, USA},
    isbn = {1581134800},
    doi = {10.1145/544805.544809},
    issn = {08247935},
    keywords = {belief functions, distributed reputation management, trust networks}
}

@misc{Breidenbach2017Parity,
    title = {{An In-Depth Look at the Parity Multisig Bug}},
    author = {Breidenbach, Lorenz and Daian, Philip and Juels, Ari and Sirer, Emin Gün},
    url = {http://hackingdistributed.com/2017/07/22/deep-dive-parity-bug/}
}

@article{Wang2016,
    title = {{An incentive mechanism with privacy protection in mobile crowdsourcing systems}},
    year = {2016},
    journal = {Computer Networks},
    author = {Wang, Yingjie and Cai, Zhipeng and Yin, Guisheng and Gao, Yang and Tong, Xiangrong and Wu, Guanying},
    pages = {157--171},
    volume = {102},
    publisher = {Elsevier B.V.},
    doi = {10.1016/j.comnet.2016.03.016},
    issn = {13891286},
    keywords = {Auction, Crowdsourcing, Incentive mechanism, Privacy, Reputation}
}

@techreport{SEEDVault2018,
    title = {{An Independent Bot Economy for a Trusted AI Future}},
    year = {2018},
    author = {{SEED Vault}},
    number = {June},
    pages = {1--40},
    isbn = {9781575860534}
}

@article{Huynh2006,
    title = {{An integrated trust and reputation model for open multi-agent systems}},
    year = {2006},
    journal = {Autonomous Agents and Multi-Agent Systems},
    author = {Huynh, Trung Dong and Jennings, Nicholas R. and Shadbolt, Nigel R.},
    number = {2},
    pages = {119--154},
    volume = {13},
    isbn = {1387-2532},
    doi = {10.1007/s10458-005-6825-4},
    issn = {13872532},
    pmid = {8581365399728019542},
    keywords = {Multi-agent systems, Reputation, Trust}
}

@article{KayeScholer2016,
    title = {{An Introduction to Bitcoin and Blockchain Technology}},
    year = {2016},
    author = {{Kaye Scholer}},
    number = {February},
    pages = {13},
    url = {http://www.kayescholer.com/docs/IntrotoBitcoinandBlockchainTechnology.pdf}
}

@book{Wooldridge2009,
    title = {{An Introduction to MultiAgent Systems}},
    year = {2009},
    author = {Wooldridge, Michael},
    edition = {2nd},
    publisher = {Wiley Publishing},
    isbn = {978-0-470-51946-2}
}

@article{Capocci2004,
    title = {{Analysis of hedge fund performance}},
    year = {2004},
    journal = {Journal of Empirical Finance},
    author = {Capocci, Daniel and H{\"{u}}bner, Georges},
    number = {1},
    month = {1},
    pages = {55--89},
    volume = {11},
    keywords = {Asian Crisis period, Asset pricing models, Hedge fund performance}
}

@incollection{Pass2017,
    title = {{Analysis of the Blockchain Protocol in Asynchronous Networks}},
    year = {2017},
    author = {Pass, Rafael and Seeman, Lior and Shelat, Abhi},
    pages = {643--673},
    volume = {10210},
    url = {http://link.springer.com/10.1007/978-3-319-56614-6_22},
    isbn = {978-3-319-56619-1},
    doi = {10.1007/978-3-319-56614-6{\_}22},
    issn = {03029743}
}

@misc{Daian2016,
    title = {{Analysis of the DAO exploit}},
    year = {2016},
    author = {Daian, Phil},
    url = {http://hackingdistributed.com/2016/06/18/analysis-of-the-dao-exploit/}
}

@article{Sanchez-Anguix2011,
    title = {{Analyzing intra-team strategies for agent-based negotiation teams}},
    year = {2011},
    journal = {10th International Conference on Autonomous Agents and Multiagent Systems 2011, AAMAS 2011},
    author = {S{\'{a}}nchez-Anguix, V. and Juli{\'{a}}n, V. and Botti, Vicente and Garc{\'{i}}a-Fornes, A.},
    pages = {873--880},
    volume = {2},
    isbn = {978-0-9826571-5-7},
    keywords = {Agreement Technologies, Collective decision making, Negotiation}
}

@article{Webster2012,
    title = {{Analyzing the Past to Prepare for the Future : Writing a Literature Review}},
    year = {2012},
    journal = {MIS Quarterly},
    author = {Webster, Jane and Watson, Richard T},
    number = {2},
    pages = {xiii-xxiii},
    volume = {26},
    doi = {10.2307/4132319}
}

@article{Meyer1992,
    title = {{Applying 'design by contract'}},
    year = {1992},
    journal = {Computer},
    author = {Meyer, Bertrand},
    number = {10},
    month = {10},
    pages = {40--51},
    volume = {25},
    url = {http://ieeexplore.ieee.org/document/161279/},
    doi = {10.1109/2.161279},
    issn = {0018-9162}
}

@unpublished{Cachin2016,
    title = {{Architecture of the hyperledger blockchain fabric}},
    year = {2016},
    author = {Cachin, Christian},
    institution = {IBM Research}
}

@book{RusselStuartNorvey2009,
    title = {{Artificial intelligence: a modern approach}},
    year = {2009},
    booktitle = {Pearson},
    author = {Russel, Stuart; Norvey, Peter},
    pages = {1152},
    isbn = {0136042597},
    doi = {10.1017/S0269888900007724},
    issn = {0269-8889},
    pmid = {20949757},
    arxivId = {arXiv:gr-qc/9809069v1},
    archivePrefix = {arXiv},
    eprint = {9809069v1},
    primaryClass = {gr-qc}
}

@inproceedings{Tang2010,
    title = {{Assignment Problem in Requirements Driven Agent Collaboration and its Implementation}},
    year = {2010},
    booktitle = {Proc. of 9th Int. Conf. on Autonomous Agents and Multiagent Systems (AAMAS 2010)},
    author = {Tang, Jian and Jin, Zhi},
    number = {Aamas},
    pages = {839--846},
    isbn = {978-0-9826571-1-9},
    issn = {15582914},
    keywords = {negotiation, normative systems, task allocation}
}

@article{Applicability,
    title = {{Auditable Computation Service}},
    author = {{oracalize}},
    pages = {1--7}
}

@article{Miller2014,
    title = {{Authenticated data structures, generically}},
    year = {2014},
    journal = {Proceedings of the 41st ACM SIGPLAN-SIGACT Symposium on Principles of Programming Languages - POPL '14},
    author = {Miller, Andrew and Hicks, Michael and Katz, Jonathan and Shi, Elaine},
    pages = {411--423},
    url = {http://dl.acm.org/citation.cfm?doid=2535838.2535851},
    isbn = {9781450325448},
    doi = {10.1145/2535838.2535851},
    issn = {0362-1340}
}

@article{Benavides2010,
    title = {{Automated analysis of feature models 20 years later: A literature review}},
    year = {2010},
    journal = {Information Systems},
    author = {Benavides, David and Segura, Sergio and Ruiz-Cort{\'{e}}s, Antonio},
    number = {6},
    pages = {615--636},
    volume = {35},
    isbn = {0306-4379},
    doi = {10.1016/j.is.2010.01.001},
    issn = {03064379},
    keywords = {Automated analyses, Feature models, Literature review, Software product lines}
}

@article{Madan2014,
    title = {{Automated Bitcoin Trading via Machine Learning Algorithms}},
    year = {2014},
    author = {Madan, Isaac and Saluja, Shaurya and Zhao, Aojia},
    pages = {1--5}
}

@article{Cao2015,
    title = {{Automated negotiation for e-commerce decision making: A goal deliberated agent architecture for multi-strategy selection}},
    year = {2015},
    journal = {Decision Support Systems},
    author = {Cao, Mukun and Luo, Xudong and Luo, Xin (Robert) and Dai, Xiaopei},
    month = {5},
    pages = {1--14},
    volume = {73},
    publisher = {Elsevier B.V.},
    url = {http://dx.doi.org/10.1016/j.dss.2015.02.012 http://linkinghub.elsevier.com/retrieve/pii/S0167923615000329},
    isbn = {0167-9236},
    doi = {10.1016/j.dss.2015.02.012},
    issn = {01679236},
    keywords = {Agent architecture, Automated negotiation, Belief-desire-intention model, Goal deliberation, Negotiating agent, Negotiation strategy selection}
}

@article{Jennings2001,
    title = {{Automated Negotiation: Prospects, Methods and Challenges}},
    year = {2001},
    journal = {International Journal of Group Decision and Negotiation},
    author = {Jennings, N. R. and Faratin, P. and Lomuscio, A. R. and Parsons, S. and Sierra, C. and Wooldridge, M.},
    number = {2},
    pages = {199--215},
    volume = {10}
}

@article{Ketter2013,
    title = {{Autonomous agents in future energy markets: The 2012 power trading agent competition}},
    year = {2013},
    journal = {Twenty-Seventh AAAI Conference on Artificial Intelligence},
    author = {Ketter, Wolfgang and Peters, Markus and Collins, John},
    number = {3},
    pages = {1298--1304},
    isbn = {9781577356158},
    keywords = {Special Track on Computational Sustainability and}
}

@misc{Hirai2018Bamboo,
    title = {{Bamboo}},
    year = {2018},
    author = {Hirai, Yoichi},
    url = {https://github.com/pirapira/bamboo}
}

@misc{Hirai2017Bamboo,
    title = {{Bamboo compiler started producing EVM bytecode}},
    year = {2017},
    author = {Hirai, Yoichi},
    url = {https://medium.com/@pirapira/bamboo-compiler-started-producing-evm-bytecode-6a55e4633de9}
}

@techreport{Accenture2016,
    title = {{Banking in a world of programmable assets}},
    year = {2016},
    author = {{Accenture}},
    pages = {1--7}
}

@unpublished{BraveSoftware2017,
    title = {{Basic Attention Token (BAT)}},
    year = {2017},
    author = {{Brave Software}},
    pages = {33},
    url = {https://basicattentiontoken.org/token/}
}

@article{Hartline2009,
    title = {{Bayesian Algorithmic Mechanism Design}},
    year = {2009},
    author = {Hartline, Jason D. and Lucier, Brendan},
    pages = {301--310},
    url = {http://arxiv.org/abs/0909.4756},
    isbn = {9781605589190},
    doi = {10.1145/1807406.1807425},
    issn = {07378017},
    arxivId = {0909.4756},
    keywords = {algo-, bayesian incentive compatibility, mechanism design, nsf, nsf grant ccf-0830773 and, rithms, social welfare, supported in part by}
}

@unpublished{BigchainDB2018,
    title = {{BigchainDB: The blockchain database}},
    year = {2018},
    author = {{BigchainDB}},
    number = {May},
    pages = {1--14}
}

@article{Tschorsch2015,
    title = {{Bitcoin and Beyond : A Technical Survey on Decentralized Digital Currencies}},
    year = {2015},
    journal = {Cryptology ePrint Archive, Report 2015/464},
    author = {Tschorsch, Florian and Scheuermann, Björn},
    number = {99},
    pages = {1--1},
    volume = {PP},
    doi = {10.1109/COMST.2016.2535718},
    issn = {1553-877X}
}

@book{Narayanan2016,
    title = {{Bitcoin and Cryptocurrency Technologies - Draft}},
    year = {2016},
    author = {Narayanan, Arvind and Bonneau, Joseph and Felten, Edward and Miller, Andrew and Goldfeder, Steven},
    publisher = {Princeton University Press},
    address = {Princeton, NJ, USA},
    isbn = {0691171696 9780691171692},
    keywords = {Coevolution, Complexity, Information systems alignment}
}

@phdthesis{Bentov2017,
    title = {{Bitcoin and Secure Computation with Money}},
    year = {2017},
    author = {Bentov, Iddo},
    pages = {1 - 177},
    school = {Technion}
}

@article{Bentov2016,
    title = {{Bitcoin Beacon}},
    year = {2016},
    author = {Bentov, Iddo and Gabizon, Ariel and Zuckerman, David},
    month = {5},
    pages = {1--25},
    url = {http://arxiv.org/abs/1605.04559},
    arxivId = {1605.04559}
}

@misc{Gessa2017,
    title = {{Bitcoin data-structures library for OCaml}},
    year = {2017},
    author = {Gessa, Davide},
    url = {https://github.com/dakk/bitcoinml}
}

@misc{1Broker2017,
    title = {{Bitcoin Forex {\&}amp; CFD Trading}},
    year = {2017},
    author = {{1Broker}},
    url = {https://1broker.com/?c=en/home}
}

@article{Decker2014,
    title = {{Bitcoin Meets Strong Consistency}},
    year = {2014},
    author = {Decker, Christian and Seidel, Jochen and Wattenhofer, Roger},
    month = {12},
    url = {http://arxiv.org/abs/1412.7935},
    isbn = {9781450340328},
    arxivId = {1412.7935},
    keywords = {bitcoin, blockchain, byzantine agreement}
}

@inproceedings{ODwyer2014,
    title = {{Bitcoin Mining and its Energy Footprint}},
    year = {2014},
    booktitle = {25th IET Irish Signals {\&} Systems Conference 2014 and 2014 China-Ireland International Conference on Information and Communities Technologies (ISSC 2014/CIICT 2014)},
    author = {O’Dwyer, Karl J. and Malone, David},
    pages = {280--285},
    isbn = {978-1-84919-924-7},
    doi = {10.1049/cp.2014.0699},
    keywords = {Ireland, bitcoin concept, bitcoin mining, data mining, digital cryptocurrency, electricity consumption, electronic money, energy conservation, energy cost, energy footprint, monetary transactions}
}

@article{Lewenberg2015a,
    title = {{Bitcoin Mining Pools : A Cooperative Game Theoretic Analysis Categories and Subject Descriptors}},
    year = {2015},
    journal = {Proceedings of the 14th International Conference on Autonomous Agents and Multiagent Systems (AAMAS 2015)},
    author = {Lewenberg, Yoad and Bachrach, Yoram and Sompolinsky, Yonatan and Zohar, Aviv and Rosenschein, Jeffrey S},
    pages = {919--927},
    isbn = {978-1-4503-3413-6},
    keywords = {and multiagent, appears in, bitcoin, conference on autonomous agents, cooperative game, game theory, international, mining pool, proceedings of the 14th}
}

@article{Eyal2015,
    title = {{Bitcoin-NG: A Scalable Blockchain Protocol}},
    year = {2015},
    journal = {13th USENIX Symposium on Networked Systems Design and Implementation (NSDI 16)},
    author = {Eyal, Ittay and Gencer, Adem Efe and Sirer, Emin Gun and van Renesse, Robbert},
    month = {10},
    pages = {45--59},
    url = {https://www.usenix.org/conference/nsdi16/technical-sessions/presentation/eyal http://arxiv.org/abs/1510.02037},
    isbn = {978-1-931971-29-4},
    arxivId = {1510.02037}
}

@unpublished{Nakamoto2008,
    title = {{Bitcoin: A peer-to-peer electronic cash system}},
    year = {2008},
    author = {Nakamoto, Satoshi}
}

@article{Levin2008,
    title = {{Bittorrent is an auction: analyzing and improving bittorrent's incentives}},
    year = {2008},
    journal = {Proceedings of the ACM SIGCOMM 2008 conference on Data communication},
    author = {Levin, Dave and LaCurts, Katrina and Spring, Neil and Bhattacharjee, Bobby},
    pages = {243--254},
    url = {http://doi.acm.org/10.1145/1402958.1402987},
    isbn = {9781605581750},
    doi = {http://doi.acm.org/10.1145/1402958.1402987},
    issn = {0146-4833},
    keywords = {auctions, bittorrent, incentive systems, proportional share, tit-for-tat}
}

@article{Dughmi2014,
    title = {{Black-Box Randomized Reductions in Algorithmic Mechanism Design}},
    year = {2014},
    journal = {SIAM Journal on Computing},
    author = {Dughmi, Shaddin and Roughgarden, Tim},
    number = {1},
    month = {1},
    pages = {312--336},
    volume = {43},
    url = {http://epubs.siam.org/doi/10.1137/110843654},
    doi = {10.1137/110843654},
    issn = {0097-5397},
    keywords = {dispersion-relation-preserving, finite differences, nonreflecting boundary conditions}
}

@techreport{Santori2016,
    title = {{Blockchain Basics: A Primer}},
    year = {2016},
    author = {Santori, Marco A and Deridder, Craig A and Grosser, James M},
    pages = {1--4}
}

@inproceedings{Watanabe2016,
    title = {{Blockchain contract: Securing a blockchain applied to smart contracts}},
    year = {2016},
    booktitle = {2016 IEEE International Conference on Consumer Electronics, ICCE 2016},
    author = {Watanabe, Hiroki and Fujimura, Shigeru and Nakadaira, Atsushi and Miyazaki, Yasuhiko and Akutsu, Akihito and Kishigami, Jay},
    pages = {467--468},
    isbn = {9781467383646},
    doi = {10.1109/ICCE.2016.7430693},
    issn = {1556-5068},
    pmid = {4520227},
    arxivId = {1511.05740}
}

@techreport{AustralianSecuritiesExchange2016,
    title = {{Blockchain developments at ASX}},
    year = {2016},
    author = {{Australian Securities Exchange}},
    pages = {1--5}
}

@misc{DigixGlobal2017,
    title = {{Blockchain Digital Assets}},
    year = {2017},
    author = {{Digix Global}},
    url = {https://www.dgx.io/}
}

@techreport{VanSteenis2016,
    title = {{Blockchain in Banking: Disruptive Threat or Tool?}},
    year = {2016},
    author = {Van Steenis, Huw and Graseck, Betsy L. and Simpson, Fiona and Faucette, James E.},
    number = {Global Insight 2016},
    institution = {Morgen Stanley Research}
}

@article{Euroclear2016,
    title = {{Blockchain in capital markets: the prize and the journey}},
    year = {2016},
    author = {{Euroclear} and {Oliver Wyman}},
    number = {February},
    pages = {24},
    url = {https://www.euroclear.com/dam/Brochures/BlockchainInCapitalMarkets-ThePrizeAndTheJourney.pdf}
}

@misc{Oraclize2017,
    title = {{blockchain oracle service, enabling data-rich smart contracts}},
    year = {2017},
    author = {{Oraclize}},
    url = {http://www.oraclize.it/}
}

@techreport{Biella2016,
    title = {{Blockchain Technology and Applications from a Financial Perspective}},
    year = {2016},
    author = {Biella, Matteo and Zinetti, Vitorrio},
    number = {1},
    institution = {UniCredit}
}

@phdthesis{Carlsson2016,
    title = {{Blockchain Technology in the Swedish Fund Market}},
    year = {2016},
    author = {Carlsson, Jacob and Huang, Shun},
    school = {KTH Royal Institute of Technology}
}

@article{UnitedStatesPostalService2016,
    title = {{Blockchain Technology: Possibilities for the U.S. Postal Service}},
    year = {2016},
    author = {{United States Postal Service}},
    url = {https://www.uspsoig.gov/sites/default/files/document-library-files/2016/RARC-WP-16-001.pdf}
}

@article{Pilkington2015,
    title = {{Blockchain Technology: Principles and Applications}},
    year = {2015},
    journal = {Research Handbook on Digital Transformations},
    author = {Pilkington, Marc},
    pages = {1--39},
    url = {http://papers.ssrn.com/abstract=2662660},
    isbn = {978 1 78471 775 9},
    keywords = {Blockchain technology, applications, private ledgers, public ledgers}
}

@article{Christidis2016,
    title = {{Blockchains and Smart Contracts for the Internet of Things}},
    year = {2016},
    journal = {IEEE Access},
    author = {Christidis, Konstantinos and Devetsikiotis, Michael},
    pages = {2292--2303},
    volume = {4},
    url = {http://ieeexplore.ieee.org/document/7467408/},
    isbn = {2169-3536 VO - 4},
    doi = {10.1109/ACCESS.2016.2566339},
    issn = {2169-3536},
    keywords = {Internet of Things, blockchain, distributed systems}
}

@misc{McConaghy2017,
    title = {{Blockchains for Artificial Intelligence}},
    year = {2017},
    author = {McConaghy, Trent},
    url = {https://blog.bigchaindb.com/blockchains-for-artificial-intelligence-ec63b0284984}
}

@misc{Kim2004,
    title = {{Blue ocean strategy}},
    year = {2004},
    booktitle = {Harvard Business Review},
    author = {Kim, W. Chan and Mauborgne, Renée},
    number = {10},
    pages = {76--84},
    volume = {82}
}

@techreport{PricewaterhouseCoopers2016,
    title = {{Blurred lines: How FinTech is shaping Financial Services}},
    year = {2016},
    author = {{PricewaterhouseCoopers}},
    pages = {36},
    institution = {PwC}
}

@book{Osterwalder2010,
    title = {{Business model generation: a handbook for visionaries, game changers, and challengers}},
    year = {2010},
    author = {Osterwalder, Alexander and Pigneur, Yves},
    pages = {280},
    publisher = {John Wiley {\&} Sons},
    keywords = {BMC}
}

@article{DeReuver2013,
    title = {{Business Model Roadmapping: a Practical Approach To Come From an Existing To a Desired Business Model.}},
    year = {2013},
    journal = {International Journal of Innovation Management},
    author = {de Reuver, Mark and Bouwman, Harry and Haaker, Timber},
    number = {1},
    pages = {1340006--1340018},
    volume = {17},
    url = {http://10.0.4.118/S1363919613400069%5Cnhttp://search.ebscohost.com/login.aspx?direct=true&db=bth&AN=86960334&site=ehost-live},
    isbn = {1363-9196},
    doi = {10.1142/S1363919613400069},
    issn = {13639196},
    keywords = {BUSINESS enterprises, BUSINESS models, BUSINESS planning, Business models, CASE studies, STRATEGIC planning, business model innovation, roadmapping, scenario analysis, value networks}
}

@misc{Coinbase2017,
    title = {{Buy and sell digital currency}},
    year = {2017},
    author = {{Coinbase}},
    url = {https://www.coinbase.com}
}

@misc{Kraken2017,
    title = {{Buy, Sell, Trade Bitcoin}},
    year = {2017},
    author = {{Kraken}},
    url = {https://www.kraken.com}
}

@misc{Tendermintdocumentation2018,
    title = {{Byzantine Consensus Algorithm}},
    year = {2018},
    author = {{Tendermint documentation}},
    url = {https://tendermint.readthedocs.io/projects/tools/en/master/specification/byzantine-consensus-algorithm.html?highlight=consensus}
}

@article{Gambetta2000,
    title = {{Can we trust trust?}},
    year = {2000},
    journal = {Trust: Making and breaking cooperative relations},
    author = {Gambetta, Diego},
    pages = {213--237},
    volume = {13},
    isbn = {0631175873},
    doi = {10.1.1.24.5695},
    keywords = {Trust}
}

@techreport{Buterin2016,
    title = {{Chain Interoperability}},
    year = {2016},
    author = {Buterin, Vitalik},
    number = {1},
    institution = {R3CEV}
}

@article{Patton2015,
    title = {{Change You Can Believe In? Hedge Fund Data Revisions}},
    year = {2015},
    journal = {The Journal of Finance},
    author = {Patton, Andrew J. and Ramadorai, Tarun and Streatfield, Michael},
    number = {3},
    month = {6},
    pages = {963--999},
    volume = {70}
}

@article{Lessig1999,
    title = {{Code Is Law}},
    year = {1999},
    journal = {The Industry Standard},
    author = {Lessig, Lawrence},
    volume = {18},
    url = {http://www.slate.com/articles/technology/future_tense/2015/01/cfaa_reform_how_laws_are_determining_the_ethics_of_code.html},
    isbn = {1091-2339},
    issn = {1091-2339}
}

@inproceedings{Baldoni2015,
    title = {{Composing and verifying commitment-based multiagent protocols}},
    year = {2015},
    booktitle = {IJCAI International Joint Conference on Artificial Intelligence},
    author = {Baldoni, Matteo and Baroglio, Cristina and Chopra, Amit K and Singh, Munindar P},
    number = {Ijcai},
    pages = {10--17},
    volume = {2015-Janua},
    isbn = {9781577357384},
    issn = {10450823},
    keywords = {Technical Papers — Agent and Multi-Agent Systems}
}

@article{Andersen2006,
    title = {{Compositional specification of commercial contracts}},
    year = {2006},
    journal = {International Journal on Software Tools for Technology Transfer},
    author = {Andersen, Jesper and Elsborg, Ebbe and Henglein, Fritz and Simonsen, Jakob Grue and Stefansen, Christian},
    number = {6},
    month = {10},
    pages = {485--516},
    volume = {8},
    url = {http://link.springer.com/10.1007/s10009-006-0010-1},
    isbn = {1000900600101},
    doi = {10.1007/s10009-006-0010-1},
    issn = {1433-2779}
}

@article{Pinyol2013,
    title = {{Computational trust and reputation models for open multi-agent systems: A review}},
    year = {2013},
    journal = {Artificial Intelligence Review},
    author = {Pinyol, Isaac and Sabater-Mir, Jordi},
    number = {1},
    pages = {1--25},
    volume = {40},
    isbn = {0269-2821},
    doi = {10.1007/s10462-011-9277-z},
    issn = {02692821},
    keywords = {Cognitive trust and reputation, Computational trust and reputation models, Multiagent systems}
}

@article{Lucia2010,
    title = {{Conflict exceptions}},
    year = {2010},
    journal = {Proceedings of the 37th annual international symposium on Computer architecture - ISCA '10},
    author = {Lucia, Brandon and Ceze, Luis and Strauss, Karin and Qadeer, Shaz and Boehm, Hans-J.},
    pages = {210},
    url = {http://portal.acm.org/citation.cfm?doid=1815961.1815987},
    isbn = {9781450300537},
    doi = {10.1145/1815961.1815987},
    keywords = {bug, data-races, memory consistency models, multicores, threads}
}

@misc{Ethereum2018,
    title = {{Connecting to the Network - Ethereum Homestead 0.1 documentation}},
    year = {2018},
    author = {{Ethereum}},
    url = {http://ethdocs.org/en/latest/network/connecting-to-the-network.html}
}

@unpublished{Swanson2015,
    title = {{Consensus-as-a-service: a brief report on the emergence of permissioned, distributed ledger systems}},
    year = {2015},
    author = {Swanson, Tim},
    pages = {66},
    url = {http://www.ofnumbers.com/wp-content/uploads/2015/04/Permissioned-distributed-ledgers.pdf},
    isbn = {9788578110796},
    doi = {10.1017/CBO9781107415324.004},
    issn = {1098-6596},
    pmid = {25246403}
}

@article{KPMG2016,
    title = {{Consensus: Immutable agreement for the Internet of value}},
    year = {2016},
    author = {{KPMG}},
    keywords = {What is a blockchain
{\\\}What is consensum mechanism}
}

@misc{InternationalBusinessTimes2017,
    title = {{ConsenSys explains self-sovereign identity on Ethereum at the United Nations}},
    year = {2017},
    author = {{International Business Times}},
    url = {http://www.ibtimes.co.uk/consensys-explains-self-sovereign-identity-ethereum-united-nations-1607068}
}

@misc{ConsenSys2017,
    title = {{ConsenSys Solidity parser}},
    year = {2017},
    author = {{ConsenSys}},
    url = {https://github.com/ConsenSys/solidity-parser}
}

@article{Jaffar1994,
    title = {{Constraint Logic Programming: a Survey}},
    year = {1994},
    journal = {Journal of Logic Programming},
    author = {Jaffar, J. and Maher, M.},
    number = {January},
    pages = {503--581},
    volume = {20}
}

@unpublished{Cerutti2013a,
    title = {{Context-dependent Trust Decisions with Subjective Logic}},
    year = {2013},
    author = {Cerutti, Federico and Toniolo, Alice and Oren, Nir and Norman, Timothy J},
    month = {9},
    pages = {1--19},
    keywords = {graphical operator, subjective logic, trust}
}

@article{Hatfield2017,
    title = {{Contract design and stability in many-to-many matching}},
    year = {2017},
    journal = {Games and Economic Behavior},
    author = {Hatfield, John William and Kominers, Scott Duke},
    month = {1},
    pages = {78--97},
    volume = {101},
    publisher = {Elsevier Inc.},
    url = {http://dx.doi.org/10.1016/j.geb.2016.01.002 http://linkinghub.elsevier.com/retrieve/pii/S0899825616000051},
    isbn = {08998256},
    doi = {10.1016/j.geb.2016.01.002},
    issn = {08998256},
    keywords = {Contract design, Many-to-many matching, Stability, Substitutes}
}

@phdthesis{Knottenbelt2006,
    title = {{Contract related agents}},
    year = {2006},
    author = {Knottenbelt, John},
    number = {September},
    pages = {226},
    volume = {3900},
    school = {Imperial College London}
}

@article{Sandholm1998,
    title = {{Contract Types for Satisficing Task Allocation: I Theoretical Results}},
    year = {1998},
    journal = {AAAI Spring Symposium Series: Satisficing Models},
    author = {Sandholm, Tuomas.},
    pages = {68--75}
}

@techreport{Meredith2018,
    title = {{Contracts, Composition, and Scaling: The Rholang specification 0.2}},
    year = {2018},
    author = {Meredith, Lucius Gregory and Pettersson, Jack and Stephenson, Gary and Stay, Michael and Shikama, Kent and Denman, Joseph}
}

@article{Notkin2013,
    title = {{Controller Synthesis: From Modeling to Enactment}},
    year = {2013},
    journal = {Proceedings of the 2013 International Conference on Software Engineering},
    author = {Notkin, David and Cheng, Betty H.C. and Pohl, Klaus and IEEE Computer Society., Daniel and Institute of Electrical and Electronics Engineers., Sebastian},
    pages = {1347--1350},
    isbn = {9781467330763},
    doi = {10.1109/ICSE.2013.6606714},
    issn = {02705257}
}

@techreport{Bertot2017,
    title = {{Coq in a Hurry}},
    year = {2017},
    author = {Bertot, Yves}
}

@article{Yermack2017,
    title = {{Corporate Governance and Blockchains}},
    year = {2017},
    journal = {Review of Finance},
    author = {Yermack, David},
    number = {8},
    month = {1},
    pages = {1 -24},
    volume = {44},
    institution = {National Bureau of Economic Research},
    address = {Cambridge, MA},
    keywords = {Block chains}
}

@misc{HedgeThink2015,
    title = {{Costs Associated with Starting a Hedge Fund}},
    year = {2015},
    author = {{HedgeThink}},
    url = {http://www.hedgethink.com/costs-associated-with-starting-a-hedge-fund/}
}

@misc{Buterin2016b,
    title = {{Could Ethereum do this better? [Tor Project is working on a web-wide random number generator]}},
    year = {2016},
    author = {Buterin, Vitalik},
    url = {https://www.reddit.com/r/ethereum/comments/4mdkku/could_ethereum_do_this_better_tor_project_is/d3v6djb/}
}

@book{Moore1999,
    title = {{Crossing the Chasm: Marketing and Selling High-Tech Products to Mainstream Customers}},
    year = {1999},
    booktitle = {New York HarperBusiness},
    author = {Moore, Geoffrey A},
    pages = {227 p.},
    volume = {Rev.}
}

@article{Bentov2014,
    title = {{Cryptocurrencies Without Proof of Work}},
    year = {2016},
    journal = {Financial Cryptography and Data Security},
    author = {Bentov, Iddo and Gabizon, Ariel and Mizrahi, Alex},
    volume = {9604},
    publisher = {Springer},
    address = {Berlin, Heidelberg, Germany},
    doi = {10.1007/978-3-662-53357-4{\_}10}
}

@article{Wilkinson2005,
    title = {{Cryptocurrencies without Proof of Work}},
    year = {2005},
    author = {Wilkinson, Kevin J and Reinhardt, Alain},
    number = {240258},
    pages = {1--18},
    isbn = {9788599141038},
    doi = {10.1016/j.egypro.2016.11.209},
    issn = {18766102},
    pmid = {19963286},
    arxivId = {arXiv:1011.1669v3}
}

@article{Omohundro2014,
    title = {{Cryptocurrencies, smart contracts, and artificial intelligence}},
    year = {2014},
    journal = {AI Matters},
    author = {Omohundro, Steve},
    number = {2},
    pages = {19--21},
    volume = {1},
    url = {http://dl.acm.org/citation.cfm?doid=2685328.2685334},
    doi = {10.1145/2685328.2685334},
    issn = {23723483}
}

@misc{Androulaki2017,
    title = {{Cryptography and Protocols in Hyperledger Fabric}},
    year = {2017},
    booktitle = {Real-World Cryptography Conference 2017},
    author = {Androulaki, Elli and Cachin, Christian and Caro, Angelo De and Kind, Andreas and Osborne, Mike and Schubert, Simon and Sorniotti, Alessandro and Vukolic, Marko}
}

@article{Dowlin2016,
    title = {{CryptoNets: Applying neural networks to Encrypted data with high throughput and accuracy - Microsoft research}},
    year = {2016},
    journal = {Microsoft Research TechReport},
    author = {Dowlin, Nathan and Gilad-Bachrach, Ran and Laine, Kim and Lauter, Kristin and Naehrig, Michael and Wernsing, John},
    pages = {1--12},
    url = {http://research.microsoft.com/apps/pubs/?id=260989},
    isbn = {MSR-TR-2016-3},
    issn = {1938-7228}
}

@inproceedings{Chopra2015,
    title = {{Cupid: Commitments in Relational Algebra}},
    year = {2015},
    booktitle = {Proceedings of the Twenty-Ninth AAAI Conference on Artificial Intelligence},
    author = {Chopra, Amit K. and Singh, Munindar P.},
    pages = {2052--2059},
    isbn = {9781577357018}
}

@misc{OpenMined2017,
    title = {{Decentralised Artificial Intelligence}},
    year = {2017},
    author = {{OpenMined}},
    url = {https://openmined.org/}
}

@misc{Reed2018,
    title = {{Decentralized Identifiers (DIDs) v0.9}},
    year = {2018},
    booktitle = {W3C},
    author = {Reed, Drummond and Sporny, Manu and Longley, Dave and Allen, Christopher and Grant, Ryan and Sabadello, Markus}
}

@article{Liu2014,
    title = {{Decentralized Multi-Agent System-Based Cooperative Frequency Control for Autonomous Microgrids With Communication Constraints}},
    year = {2014},
    journal = {IEEE Transactions on Sustainable Energy},
    author = {Liu, Wei and Gu, Wei and Sheng, Wanxing and Meng, Xiaoli and Wu, Zaijun and Chen, Wu},
    number = {2},
    month = {4},
    pages = {446--456},
    volume = {5},
    doi = {10.1109/TSTE.2013.2293148},
    issn = {1949-3029}
}

@inproceedings{Zyskind2015,
    title = {{Decentralizing Privacy: Using Blockchain to Protect Personal Data}},
    year = {2015},
    booktitle = {2015 IEEE Security and Privacy Workshops},
    author = {Zyskind, Guy and Nathan, Oz and Pentland, Alex 'Sandy'},
    month = {5},
    pages = {180--184},
    publisher = {IEEE},
    isbn = {978-1-4799-9933-0},
    doi = {10.1109/SPW.2015.27},
    keywords = {6, across the industry, answers instead of the, autonomous deployment of a, bitcoin, blockchain, mecha-, nism for returning computations, on the data, pds which includes a, personal data, privacy, raw data itself, thus returning}
}

@incollection{Hirai2017,
    title = {{Defining the Ethereum Virtual Machine for Interactive Theorem Provers}},
    year = {2017},
    booktitle = {Lecture Notes in Computer Science},
    author = {Hirai, Yoichi},
    pages = {520--535},
    volume = {10323},
    url = {http://link.springer.com/10.1007/978-3-319-70278-0_33},
    isbn = {9783319702773},
    doi = {10.1007/978-3-319-70278-0{\_}33},
    issn = {16113349}
}

@article{Accenture,
    title = {{Delivering an industry standard platform through community collaboration}},
    year = {2016},
    author = {{SWIFT} and {Accenture}}
}

@inproceedings{Luu2015,
    title = {{Demystifying Incentives in the Consensus Computer}},
    year = {2015},
    booktitle = {Proceedings of the 22nd ACM SIGSAC Conference on Computer and Communications Security - CCS '15},
    author = {Luu, Loi and Teutsch, Jason and Kulkarni, Raghav and Saxena, Prateek},
    pages = {706--719},
    publisher = {ACM Press},
    url = {http://dl.acm.org/citation.cfm?doid=2810103.2813659},
    address = {New York, New York, USA},
    isbn = {9781450338325},
    doi = {10.1145/2810103.2813659},
    issn = {15437221},
    keywords = {Electronic Commerce—Cybercash, Ethereum, General— Security and protection, K44 [Computers And Society], consensus computer, cryptocurrency, digital cash Keywords Bitcoin, incentive compatibility, verifiable computation}
}

@unpublished{Mavridou2018,
    title = {{Designing Secure Ethereum Smart Contracts: A Finite State Machine Based Approach}},
    year = {2018},
    author = {Mavridou, Anastasia and Laszka, Aron},
    keywords = {automatic code generation, design patterns, ethereum, finite state machine, security, smart contract, solidity}
}

@techreport{BitFuryGroup2016,
    title = {{Digital Assets on Public Blockchains}},
    year = {2016},
    author = {{BitFury Group}},
    pages = {1--37},
    volume = {2016}
}

@unpublished{Friedlmaier2016,
    title = {{Disrupting industries with blockchain: The industry, venture capital funding, and regional distribution of blockchain ventures}},
    year = {2016},
    author = {Friedlmaier, Maximilian and Tumasjan, Andranik and Welpe, Isabell},
    keywords = {bitcoin, blockchain, business models, disruptive innovation}
}

@techreport{Accenture2015,
    title = {{Distributed consensus ledgers for Payments}},
    year = {2015},
    booktitle = {Everyday Bank Research Series},
    author = {{Accenture}},
    pages = {1--20}
}

@techreport{Pinna2016,
    title = {{Distributed ledger technologies in securites post-trading}},
    year = {2016},
    booktitle = {European Central Bank: Occasional Paper Series},
    author = {Pinna, Andrea and Ruttenberg, Wiebe},
    number = {172},
    pages = {1--12}
}

@techreport{EuropeanCentralBank2016,
    title = {{Distributed Ledger Technology}},
    year = {2016},
    author = {{European Central Bank}},
    number = {1},
    institution = {European Central Bank}
}

@article{Walport2015,
    title = {{Distributed ledger technology: Beyond block chain}},
    year = {2015},
    journal = {Government Office for Science},
    author = {Walport, Mark},
    pages = {1--88}
}

@misc{Shaul2018,
    title = {{Distributed ledgers need more than traditional application design patterns}},
    year = {2018},
    booktitle = {DAML series},
    author = {Kfir, Shaul},
    url = {https://medium.com/daml-driven/distributed-ledgers-need-more-than-traditional-applications-design-patterns-e2d895d767ff}
}

@misc{Johnson2017,
    title = {{Dividend-bearing tokens on Ethereum}},
    year = {2017},
    author = {Johnson, Nick},
    url = {https://medium.com/@weka/dividend-bearing-tokens-on-ethereum-42d01c710657}
}

@article{Piatek2007,
    title = {{Do incentives build robustness in BitTorrent?}},
    year = {2007},
    journal = {Proceedings of the 4th USENIX Symposium on Networked Design {\&} Implementation},
    author = {Piatek, Michael and Isdal, Tomas and Anderson, Thomas and Krishnamurthy, Arvind and Venkataramani, Arun},
    pages = {1--14},
    volume = {7},
    url = {http://www.usenix.org/events/nsdi07/tech/piatek/piatek_html/bittyrant.html},
    keywords = {BitTorrent, Free Riding, Incentives}
}

@article{Skylogiannis2007,
    title = {{DR-NEGOTIATE - A system for automated agent negotiation with defeasible logic-based strategies}},
    year = {2007},
    journal = {Data {\&} Knowledge Engineering},
    author = {Skylogiannis, Thomas and Antoniou, Grigoris and Bassiliades, Nick and Governatori, Guido and Bikakis, Antonis},
    number = {2},
    pages = {362--380},
    volume = {63},
    url = {http://linkinghub.elsevier.com/retrieve/pii/S0169023X07000377},
    isbn = {2310998419},
    doi = {10.1016/j.datak.2007.03.004},
    issn = {0169023X}
}

@misc{Burge2018DSL,
    title = {{DSLs for Ethereum Contracts}},
    year = {2018},
    author = {Burge, Michael},
    url = {http://www.michaelburge.us/2018/05/15/ethereum-chess-engine.html}
}

@article{Davidson2016,
    title = {{Economics of Blockchain}},
    year = {2016},
    journal = {SSRN Electronic Journal},
    author = {Davidson, Sinclair and De Filippi, Primavera and Potts, Jason},
    pages = {1--23},
    url = {http://www.ssrn.com/abstract=2744751},
    isbn = {ID 2744751},
    doi = {10.2139/ssrn.2744751},
    issn = {1556-5068},
    keywords = {blockchain, catallaxy, cryptoeconomics, public choice institutional}
}

@book{Sehra2017,
    title = {{Economics of Initial Coin Offerings}},
    year = {2017},
    author = {​Sehra, Avtar​ and Smith, Philip​ ​ ​ ​ ​ ​ ​ ​ ​ ​ ​ ​ ​ ​ ​ ​​ ​ ​ ​ ​ ​ ​ ​ ​ ​ ​ ​ ​ ​ ​ ​ and Gomes, Phil},
    pages = {1--31},
    url = {http://www.allenovery.com/SiteCollectionDocuments/ICO-Article-Nivaura-20170822-0951  - Final Draft.pdf},
    isbn = {2041485191}
}

@techreport{EnterpriseEthereumAlliance2018,
    title = {{EEA Architecture Stack}},
    year = {2018},
    author = {{Enterprise Ethereum Alliance}},
    url = {https://entethalliance.org/wp-content/uploads/2018/05/EEA-Architecture-Stack-Spring-2018.pdf}
}

@incollection{Groth2007,
    title = {{Efficient Non-interactive Proof Systems for Bilinear Groups}},
    year = {2007},
    booktitle = {Advances in Cryptology - EUROCRYPT 2008},
    author = {Groth, Jens and Sahai, Amit},
    number = {0456717},
    pages = {415--432},
    publisher = {Springer Berlin Heidelberg},
    url = {http://link.springer.com/10.1007/978-3-540-78967-3_24},
    address = {Berlin, Heidelberg},
    isbn = {978-3-540-78966-6 978-3-540-78967-3},
    doi = {10.1007/978-3-540-78967-3{\_}24},
    keywords = {2006, applications and foundations of, applied mathematics, bilinear groups, common refer-, cryptog-, ence string, institute of pure and, non-interactive witness-indistinguishability, non-interactive zero-knowledge, of work done while, participating in securing cyberspace, raphy and computer security, ucla, work presented and part}
}

@phdthesis{Zyskind2016,
    title = {{Efficient Secure Computation Enabled by Blockchain Technology}},
    year = {2016},
    author = {Zyskind, Guy},
    school = {Massachusetts Insitute of Technology}
}

@misc{Wanderer2015,
    title = {{EIP 48: EVM 2.0 WASM}},
    year = {2015},
    author = {{wanderer}},
    url = {https://github.com/ethereum/EIPs/issues/48}
}

@article{Wu2018,
    title = {{Eliminating the effect of rating bias on reputation systems}},
    year = {2018},
    author = {Wu, Leilei and Ren, Zhuoming and Ren, Xiao-long and Zhang, Jianlin and L{\"{u}}, Linyuan},
    month = {1},
    pages = {1--13},
    url = {http://arxiv.org/abs/1801.05734},
    arxivId = {1801.05734}
}

@unpublished{Back2014,
    title = {{Enabling Blockchain Innovations with Pegged Sidechains}},
    year = {2014},
    author = {Back, Adam and Corallo, Matt and Dashjr, Luke and Friedenbach, Mark and Maxwell, Gregory and Miller, Andrew and Poelstra, Andrew and Tim{\'{o}}n, Jorge and Wuille, Pieter},
    url = {http://www.blockstream.com/sidechains.pdf}
}

@article{Kokoris-Kogias2016,
    title = {{Enhancing Bitcoin Security and Performance with Strong Consistency via Collective Signing}},
    year = {2016},
    author = {Kokoris-Kogias, Eleftherios and Jovanovic, Philipp and Gailly, Nicolas and Khoffi, Ismail and Gasser, Linus and Ford, Bryan},
    month = {2},
    pages = {17},
    url = {http://arxiv.org/abs/1602.06997},
    isbn = {9781931971324},
    arxivId = {1602.06997}
}

@article{Zyskind2015a,
    title = {{Enigma: Decentralized Computation Platform with Guaranteed Privacy}},
    year = {2015},
    author = {Zyskind, Guy and Nathan, Oz and Pentland, Alex},
    month = {6},
    pages = {1--14},
    arxivId = {1506.03471}
}

@inproceedings{Breidenbach2018,
    title = {{Enter the Hydra: Towards Principled Bug Bounties and Exploit-Resistant Smart Contracts}},
    year = {2018},
    booktitle = {27th USENIX Security Symposium (USENIX Security 18)},
    author = {Breidenbach, Lorenz and Daian, Phil and Er, Floriantra and Juels, Ari},
    pages = {1335--1352},
    url = {https://thehydra.io/paper.pdf}
}

@misc{Ethereum2015,
    title = {{ERC:20}},
    year = {2015},
    author = {{Ethereum}},
    url = {https://github.com/ethereum/EIPs/issues/20}
}

@misc{ConsenSys2018Security,
    title = {{Ethereum Contract Security Techniques and Tips}},
    year = {2018},
    author = {{ConsenSys}},
    url = {https://consensys.github.io/smart-contract-best-practices/bibliography/}
}

@misc{Ethereumcommunity2016,
    title = {{Ethereum Homestead documentation: Account Types, Gas, and Transactions}},
    year = {2016},
    author = {{Ethereum}},
    url = {http://www.ethdocs.org/en/latest/contracts-and-transactions/account-types-gas-and-transactions.html?highlight=autonomous agent}
}

@misc{Ethereum2017b,
    title = {{Ethereum TestRPC}},
    year = {2017},
    author = {{Ethereum}},
    url = {https://github.com/ethereumjs/testrpc}
}

@unpublished{Wood2014,
    title = {{Ethereum: a secure decentralised generalised transaction ledger}},
    year = {2014},
    author = {Wood, Gavin},
    pages = {1--32}
}

@unpublished{Albert2018,
    title = {{EthIR: A Framework for High-Level Analysis of Ethereum Bytecode}},
    year = {2018},
    author = {Albert, Elvira and Gordillo, Pablo and Livshits, Benjamin and Rubio, Albert and Sergey, Ilya},
    url = {http://arxiv.org/abs/1805.07208},
    arxivId = {1805.07208}
}

@incollection{Idelberger2016,
    title = {{Evaluation of Logic-Based Smart Contracts for Blockchain Systems}},
    year = {2016},
    booktitle = {Lecture Notes in Computer Science},
    author = {Idelberger, Florian and Governatori, Guido and Riveret, Régis and Sartor, Giovanni},
    editor = {Alferes, Jose Julio and Bertossi, Leopoldo and Governatori, Guido and Fodor, Paul and Roman, Dumitru},
    pages = {167--183},
    series = {Lecture Notes in Computer Science},
    volume = {9718},
    publisher = {Springer International Publishing},
    url = {http://link.springer.com/10.1007/978-3-319-42019-6 http://link.springer.com/10.1007/978-3-319-42019-6_11},
    address = {Cham},
    isbn = {978-3-319-42018-9},
    doi = {10.1007/978-3-319-42019-6{\_}11},
    keywords = {smart contract}
}

@misc{Tani2018,
    title = {{EVM (Ethereum virtual machine) Assembly on Haskell DSL}},
    year = {2018},
    author = {Tani, Takenobu},
    url = {https://github.com/takenobu-hs/haskell-ethereum-assembly}
}

@misc{EthereumFoundation2018ewasm,
    title = {{eWASM}},
    year = {2018},
    author = {{Ethereum Foundation}},
    url = {https://github.com/ewasm/design}
}

@article{Keser2003,
    title = {{Experimental games for the design of reputation management systems}},
    year = {2003},
    journal = {IBM Systems Journal},
    author = {Keser, Claudia},
    number = {3},
    pages = {498--506},
    volume = {42}
}

@article{Zha2018,
    title = {{Exploring the effect of social media information quality, source credibility and reputation on informational fit-to-task: Moderating role of focused immersion}},
    year = {2018},
    journal = {Computers in Human Behavior},
    author = {Zha, Xianjin and Yang, Haijuan and Yan, Yalan and Liu, Kunfeng and Huang, Chengsong},
    month = {2},
    pages = {227--237},
    volume = {79},
    publisher = {Elsevier Ltd},
    url = {https://doi.org/10.1016/j.chb.2017.10.038 http://linkinghub.elsevier.com/retrieve/pii/S0747563217306118},
    doi = {10.1016/j.chb.2017.10.038},
    issn = {07475632},
    keywords = {Elaboration Likelihood Model, Focused immersion, Informational fit-to-task, Informational influence processes, Social media}
}

@article{Segal-halevi2017,
    title = {{Fairly Dividing a Cake after Some Parts Were Burnt in the Oven}},
    year = {2017},
    author = {Segal-halevi, Erel},
    pages = {1--29},
    arxivId = {arXiv:1704.00726v4},
    keywords = {competitive equilibrium, fair division, indivisible items}
}

@inproceedings{Dziembowski2018a,
    title = {{FairSwap : How to fairly exchange digital goods}},
    year = {2018},
    booktitle = {25th ACM SIGSAC Conference on Computer and Communications Security},
    author = {Dziembowski, Stefan and Eckey, Lisa and Faust, Sebastian},
    pages = {1--44}
}

@unpublished{Carboni2015,
    title = {{Feedback based Reputation on top of the Bitcoin Blockchain}},
    year = {2015},
    author = {Carboni, Davide},
    month = {2},
    pages = {10}
}

@misc{UVueLtd2017,
    title = {{Fetch - An Emergent Protocol for Intelligence Driven Mobility}},
    year = {2017},
    author = {{uVue Ltd}},
    url = {https://fetch.ai/#whitepaper}
}

@techreport{Simpson2018,
    title = {{Fetch Technical Introduction}},
    year = {2018},
    author = {Simpson, Toby and Sheikh, Humayun and Hain, Thomas and R{\o}nnow, Troels and Ward, Jonathan}
}

@techreport{ProtocolLabs2017,
    title = {{Filecoin : A Decentralized Storage Network}},
    year = {2017},
    author = {{Protocol Labs}},
    pages = {1--36}
}

@unpublished{Nikolic2018,
    title = {{Finding The Greedy, Prodigal, and Suicidal Contracts at Scale}},
    year = {2018},
    author = {Nikolic, Ivica and Kolluri, Aashish and Sergey, Ilya and Saxena, Prateek and Hobor, Aquinas},
    url = {http://arxiv.org/abs/1802.06038},
    doi = {arXiv:1802.06038v1},
    arxivId = {1802.06038}
}

@misc{FIPA2002,
    title = {{FIPA Contract Net Interaction Protocol Specification}},
    year = {2002},
    author = {{FIPA}},
    url = {http://www.fipa.org/specs/fipa00029/SC00029H.html}
}

@misc{FIXTradingCommunity2018,
    title = {{FIX Standards}},
    year = {2018},
    author = {{FIX Trading Community}},
    url = {https://www.fixtrading.org/standards/}
}

@misc{Schrans2018a,
    title = {{Flint: A New Language for Safe Smart Contracts on Ethereum}},
    year = {2018},
    author = {Schrans, Franklin},
    url = {https://medium.com/@fschrans/flint-a-new-language-for-safe-smart-contracts-on-ethereum-a5672137a5c7}
}

@article{Yang,
    title = {{Formal Process Virtual Machine for Smart Contracts Verification}},
    author = {Yang, Zheng and Lei, Hang},
    number = {4},
    url = {https://arxiv.org/pdf/1805.00808.pdf},
    keywords = {Coq, formal method, higher-order logic theorem proving, programming language, virtual machine}
}

@incollection{Dignum2002,
    title = {{Formal Specification of Interaction in Agent Societies}},
    year = {2003},
    booktitle = {Formal approaches to agent-based systems},
    author = {Dignum, Virginia and Meyer, John-Jules C. and Dignum, Frank and Weigand, Hans},
    pages = {37--52},
    url = {http://www.springerlink.com/index/77KH0QAAJBUTVC34.pdf http://link.springer.com/10.1007/978-3-540-45133-4_4},
    isbn = {3-540-40665-4},
    doi = {10.1007/978-3-540-45133-4{\_}4},
    issn = {03029743}
}

@article{Wang2007,
    title = {{Formal trust model for multiagent systems}},
    year = {2007},
    journal = {IJCAI International Joint Conference on Artificial Intelligence},
    author = {Wang, Yonghong and Singh, Munindar P.},
    pages = {1551--1556},
    issn = {10450823},
    keywords = {distributed ai, multiagent-systems}
}

@misc{Reitwiessner2015Why3,
    title = {{Formal Verification for Solidity Contracts}},
    year = {2015},
    author = {Reitwiessner, Christian},
    url = {https://forum.ethereum.org/discussion/3779/formal-verification-for-solidity-contracts}
}

@unpublished{Hirai2016,
    title = {{Formal Verification of Deed Contract in Ethereum Name Service}},
    year = {2016},
    author = {Hirai, Yoichi},
    pages = {1--81}
}

@misc{Hirai2018,
    title = {{Formal Verification of Ethereum Contracts}},
    year = {2018},
    author = {Hirai, Yoichi},
    url = {https://github.com/pirapira/ethereum-formal-verification-overview}
}

@misc{SoftwareReliabilityLabETHZurich2018,
    title = {{Formal Verification of Ethereum Smart Contracts}},
    year = {2018},
    author = {{Software Reliability Lab ETH Zurich}},
    url = {https://securify.ch/}
}

@article{Bhargavan2016,
    title = {{Formal Verification of Smart Contracts}},
    year = {2016},
    journal = {Proceedings of the 2016 ACM Workshop on Programming Languages and Analysis for Security - PLAS'16},
    author = {Bhargavan, Karthikeyan and Swamy, Nikhil and Zanella-B{\'{e}}guelin, Santiago and Delignat-Lavaud, Antoine and Fournet, Cédric and Gollamudi, Anitha and Gonthier, Georges and Kobeissi, Nadim and Kulatova, Natalia and Rastogi, Aseem and Sibut-Pinote, Thomas},
    pages = {91--96},
    isbn = {9781450345743},
    doi = {10.1145/2993600.2993611},
    keywords = {EVM, ethereum, formal verification, smart contracts, solidity}
}

@misc{Szabo1997,
    title = {{Formalizing and Securing Relationships on Public Networks.}},
    year = {1997},
    author = {Szabo, Nick},
    url = {http://ojphi.org/ojs/index.php/fm/article/view/548/469}
}

@article{Huttel2016,
    title = {{Foundations of Session Types and Behavioural Contracts}},
    year = {2016},
    author = {H{\"{u}}ttel, Hans and Lanese, Ivan and Vasconcelos, Vasco T. and Caires, Luís and Carbone, Marco and Deni{\'{e}}lou, Pierre-Malo and Mostrous, Dimitris and Ravara, António and Tuosto, Emilio and Torres Vieira, Hugo and Zavattaro, Gianluigi},
    number = {1},
    pages = {1--36},
    volume = {49},
    isbn = {13:978-1-292-02196-6},
    doi = {10.1145/2873052},
    issn = {15577341}
}

@unpublished{Dziembowski2018,
    title = {{Foundations of State Channel Networks}},
    year = {2018},
    author = {Dziembowski, Stefan and Faust, Sebastian and Host{\'{a}}kov{\'{a}}, Kristina},
    pages = {1--56},
    url = {https://eprint.iacr.org/2018/320.pdf}
}

@misc{McConaghy2017a,
    title = {{From AI to Blockchain to Data: Meet Ocean}},
    year = {2017},
    author = {McConaghy, Trent},
    url = {https://blog.oceanprotocol.com/from-ai-to-blockchain-to-data-meet-ocean-f210ff460465}
}

@inproceedings{Frantz2016,
    title = {{From Institutions to Code: Towards Automated Generation of Smart Contracts}},
    year = {2016},
    booktitle = {2016 IEEE 1st International Workshops on Foundations and Applications of Self* Systems (FAS*W)},
    author = {Frantz, Christopher K. and Nowostawski, Mariusz},
    month = {9},
    pages = {210--215},
    publisher = {IEEE},
    url = {http://ieeexplore.ieee.org/document/7789470/},
    isbn = {978-1-5090-3651-6},
    doi = {10.1109/FAS-W.2016.53},
    issn = {978-3-319-42446-0},
    keywords = {Autonomy, Bitcoin, Blockchain, Code generation, Distributed autonomous institutions, Domain-specific language, Ethereum, Institutional grammar, Institutions, Model-driven development, Public ledger, Smart contracts, Solidity}
}

@misc{Reitwiessner2016a,
    title = {{From Smart Contracts to Courts with not so Smart Judges - Ethereum Blog}},
    year = {2016},
    author = {Reitwie{\ss}ner, Christian},
    url = {https://blog.ethereum.org/2016/02/17/smart-contracts-courts-not-smart-judges/}
}

@misc{BitcoinWiki2016,
    title = {{Full node - Bitcoin Wiki}},
    year = {2016},
    author = {{Bitcoin Wiki}},
    url = {https://en.bitcoin.it/wiki/Full_node}
}

@inproceedings{Gentry2009,
    title = {{Fully homomorphic encryption using ideal lattices}},
    year = {2009},
    booktitle = {Proceedings of the 41st annual ACM symposium on Symposium on theory of computing - STOC '09},
    author = {Gentry, Craig},
    pages = {169},
    publisher = {ACM Press},
    address = {New York, New York, USA},
    isbn = {9781605585062},
    doi = {10.1145/1536414.1536440}
}

@article{Yudkowsky2017,
    title = {{Functional Decision Theory: A New Theory of Instrumental Rationality}},
    year = {2017},
    author = {Yudkowsky, Eliezer and Soares, Nate},
    pages = {1--36},
    url = {http://arxiv.org/abs/1710.05060},
    arxivId = {1710.05060}
}

@unpublished{Vazou2018,
    title = {{Functional Pearl: Theorem Proving for All (Equational Reasoning in Liquid Haskell)}},
    year = {2018},
    author = {Vazou, Niki and Breitner, Joachim and Kunkel, Will and Van Horn, David and Hutton, Graham},
    url = {http://arxiv.org/abs/1806.03541},
    arxivId = {1806.03541}
}

@article{McBurney2002,
    title = {{Games That Agents Play: A Formal Framework for Dialogues between Autonomous Agents}},
    year = {2002},
    journal = {Journal of Logic, Language and Information},
    author = {McBurney, Peter and Parsons, Simon},
    number = {3},
    pages = {315--334},
    volume = {11},
    url = {http://link.springer.com/article/10.1023/A:1015586128739 http://link.springer.com/10.1023/A:1015586128739},
    doi = {10.1023/A:1015586128739},
    issn = {09258531},
    keywords = {autonomous agents, computational dialectics, dialogue games}
}

@book{Bertalanffy1989,
    title = {{General System Theory: Foundations, Development, Applications}},
    year = {1969},
    author = {von Bertalanffy, Ludwig},
    publisher = {Braziller},
    isbn = {9681606272},
    doi = {10.2307/2093003},
    issn = {00031224},
    pmid = {1989},
    keywords = {a analizar las nociones, aparecer{\'{i}}a, campos de la ciencia, el concepto ha invadido, en la lista, entre los primeros lugares, hoy por hoy, pensamiento y el habla, populares y en los, por doquier, si alguien se pusiera, sistemas, todos los, y muletillas de moda, y penetrado en el}
}

@article{Lin2014,
    title = {{GENIUS: An Integrated Environment for Supporting the Design of Generic Automated Negotiators}},
    year = {2014},
    journal = {Computational Intelligence},
    author = {Lin, Raz and Kraus, Sarit and Baarslag, Tim and Tykhonov, Dmytro and Hindriks, Koen and Jonker, Catholijn M.},
    number = {1},
    month = {2},
    pages = {48--70},
    volume = {30},
    url = {http://doi.wiley.com/10.1111/j.1467-8640.2012.00463.x},
    doi = {10.1111/j.1467-8640.2012.00463.x},
    issn = {08247935},
    keywords = {agents competition, automated negotiation, bilateral negotia-, computer interaction, human}
}

@misc{GolemFactoryGmbH2018,
    title = {{Golem Network}},
    year = {2018},
    author = {{Golem Factory GmbH}},
    url = {https://golem.network/}
}

@article{Zhou2008,
    title = {{GossipTrust for Fast Reputation Aggregation in Peer-to-Peer Networks}},
    year = {2008},
    journal = {IEEE Transactions on Knowledge and Data Engineering},
    author = {Zhou, Runfang and Hwang, Kai and Cai, Min},
    number = {9},
    pages = {1282--1295},
    volume = {20},
    isbn = {1041-4347},
    doi = {10.1109/TKDE.2008.48},
    issn = {10414347},
    keywords = {Bloom filter, Gossip communication, Peer-to-peer computing, Reputation system}
}

@article{Fung2014,
    title = {{Growing the Asset Management Franchise: Evidence from Hedge Fund Firms}},
    year = {2014},
    journal = {SSRN Electronic Journal},
    author = {Fung, William and Hsieh, David A. and Naik, Narayan Y. and Teo, Melvyn}
}

@techreport{Treasury2016,
    title = {{GST treatment of digital currency}},
    year = {2016},
    author = {Treasury, The Australian Government the},
    number = {May},
    isbn = {9781925220971}
}

@misc{BitcoinWiki2018HTLC,
    title = {{Hashed Timelock Contracts}},
    year = {2018},
    author = {{Bitcoin Wiki}},
    url = {https://en.bitcoin.it/wiki/Hashed_Timelock_Contracts}
}

@inproceedings{Kosba2015,
    title = {{Hawk: The Blockchain Model of Cryptography and Privacy-Preserving Smart Contracts}},
    year = {2016},
    booktitle = {2016 IEEE Symposium on Security and Privacy (SP)},
    author = {Kosba, Ahmed and Miller, Andrew and Shi, Elaine and Wen, Zikai and Papamanthou, Charalampos},
    month = {5},
    pages = {839--858},
    volume = {2015},
    publisher = {IEEE},
    isbn = {978-1-5090-0824-7},
    doi = {10.1109/SP.2016.55}
}

@misc{Investopedia2017,
    title = {{Hedge Fund}},
    year = {2017},
    author = {{Investopedia}},
    url = {http://www.investopedia.com/terms/h/hedgefund.asp}
}

@article{Fung2004,
    title = {{Hedge fund benchmarks: A risk-based approach}},
    year = {2004},
    journal = {Financial Analysts Journal},
    author = {Fung, William and Hsieh, David A},
    number = {5},
    pages = {65–80},
    volume = {60}
}

@incollection{Agarwal2009,
    title = {{Hedge Fund Strategies}},
    year = {2009},
    author = {Agarwal, Monty},
    pages = {45–55},
    publisher = {John Wiley {\&} Sons, Inc.},
    url = {http://dx.doi.org/10.1002/9781118258187.ch4},
    isbn = {978-1-118-25818-7}
}

@misc{Harper2016,
    title = {{Hedge Funds Hunt For Upside, Regardless Of The Market}},
    year = {2016},
    author = {Harper, David},
    url = {http://www.investopedia.com/articles/03/112603.asp}
}

@misc{Research2016,
    title = {{HFR Hedge Fund Strategy Classification System}},
    year = {2016},
    author = {Research, Hedge Fund},
    url = {https://www.hedgefundresearch.com/hfr-hedge-fund-strategy-classification-system}
}

@article{Goetzmann2003,
    title = {{High Water Marks and Hedge Fund Management Contracts}},
    year = {2003},
    journal = {The Journal of Finance},
    author = {Goetzmann, WN and Ingersoll, JE},
    number = {4},
    pages = {1685--1717},
    volume = {58},
    keywords = {hedge funds, incentives, performance}
}

@article{Apostolaki2016,
    title = {{Hijacking Bitcoin: Large-scale Network Attacks on Cryptocurrencies}},
    year = {2016},
    journal = {ACM},
    author = {Apostolaki, Maria and Zohar, Aviv and Vanbever, Laurent},
    month = {5},
    pages = {6},
    url = {http://arxiv.org/abs/1605.07524},
    isbn = {9781450321389},
    doi = {10.1145/1235},
    issn = {9781450321389},
    arxivId = {1605.07524},
    keywords = {4d trajectory management, importance sampling, motion planning, separation assurance, tactical planning}
}

@unpublished{Harris-braun2017,
    title = {{Holochain}},
    year = {2017},
    author = {Harris-braun, Eric and Luck, Nicolas and Brock, Arthur},
    pages = {1--13},
    institution = {Ceptr, LLC}
}

@unpublished{Scott2016,
    title = {{How Can Cryptocurrency and Blockchain Technology Play a Role in Building Social and Solidarity Finance?}},
    year = {2016},
    author = {Scott, Brett},
    pages = {1--25},
    institution = {United Nations Research Institute for Social Development (UNRISD)},
    address = {Geneva, Switzerland},
    keywords = {coded governance, techno-libertarian evangelism}
}

@misc{Hess2016,
    title = {{How can I securely generate a random number in my smart contract? - Ethereum Stack Exchange}},
    year = {2016},
    author = {Hess, Tjaden},
    url = {https://ethereum.stackexchange.com/questions/191/how-can-i-securely-generate-a-random-number-in-my-smart-contract/2074#2074}
}

@misc{Lochbihler2018,
    title = {{How difficult is it to write correct smart contracts? Depends on your tools!}},
    year = {2018},
    booktitle = {DAML series},
    author = {Lochbihler, Andreas},
    url = {https://medium.com/daml-driven/how-difficult-is-it-to-write-correct-smart-contracts-depends-on-your-tools-5f6bceb2d510}
}

@misc{Lindell2016,
    title = {{How To Simulate It – A Tutorial on the Simulation Proof Technique}},
    year = {2016},
    author = {Lindell, Yehuda},
    publisher = {Cryptology ePrint Archive, Report 2016/046}
}

@inproceedings{Kumaresan2014,
    title = {{How to Use Bitcoin to Incentivize Correct Computations}},
    year = {2014},
    booktitle = {Proceedings of the 2014 ACM SIGSAC Conference on Computer and Communications Security - CCS '14},
    author = {Kumaresan, Ranjit and Bentov, Iddo},
    pages = {30--41},
    publisher = {ACM Press},
    address = {New York, New York, USA},
    isbn = {9781450329576},
    doi = {10.1145/2660267.2660380},
    keywords = {bitcoin, fair exchange, secure computation, verifiable computation}
}

@unpublished{Jain2016,
    title = {{How to verify computation with a rational network}},
    year = {2016},
    author = {Jain, Sanjay and Saxena, Prateek and Stephan, Frank and Teutsch, Jason},
    month = {6},
    arxivId = {1606.05917}
}

@article{Fich2003,
    title = {{Hundreds of impossibility results for distributed computing}},
    year = {2003},
    journal = {Distributed Computing},
    author = {Fich, Faith and Ruppert, Eric},
    number = {2-3},
    pages = {121--163},
    volume = {16},
    isbn = {0178-2770},
    doi = {10.1007/s00446-003-0091-y},
    issn = {01782770},
    keywords = {Complexity lower bounds, Distributed computing, Impossibility results}
}

@techreport{Vukolic2016,
    title = {{Hyperledger fabric: towards scalable blockchain for business}},
    year = {2016},
    author = {Vukoli{\'{c}}, Marko},
    number = {Trust in Digital Life 2016},
    url = {https://www.zurich.ibm.com/dccl/papers/cachin_dccl.pdf},
    institution = {IBM Research}
}

@inproceedings{Neal.2003,
    title = {{Identifying requirements for Business Contract Language: a Monitoring Perspective}},
    year = {2003},
    booktitle = {Seventh IEEE International Enterprise Distributed Object Computing Conference, 2003. Proceedings.},
    author = {Neal, S. and Cole, J. and Linington, P.F. and Milosevic, Z. and Gibson, S. and Kulkarni, S.},
    number = {January},
    pages = {50--61},
    volume = {2003-Janua},
    publisher = {IEEE Comput. Soc},
    url = {http://ieeexplore.ieee.org/document/1233837/},
    isbn = {0-7695-1994-6},
    doi = {10.1109/EDOC.2003.1233837},
    issn = {15417719}
}

@techreport{Kasampalis2018,
    title = {{IELE : An intermediate-level Blockchain language designed and implemented using formal semantics}},
    year = {2018},
    author = {Kasampalis, Theodoros and Guth, Dwight and Moore, Brandon and Serbanuta, Traian and Serbanuta, Virgil and Filaretti, Daniele and Rosu, Grigore and Johnson, Ralph}
}

@misc{StephenDiehl2018,
    title = {{Implementing a JIT Compiler with Haskell and LLVM}},
    year = {2018},
    author = {{Stephen Diehl}},
    url = {http://www.stephendiehl.com/llvm/}
}

@article{Schneider1990,
    title = {{Implementing fault-tolerant services using the state machine approach: a tutorial}},
    year = {1990},
    journal = {ACM Computing Surveys},
    author = {Schneider, Fred B},
    number = {4},
    pages = {299--319},
    volume = {22},
    url = {http://portal.acm.org/citation.cfm?doid=98163.98167},
    isbn = {0360-0300},
    doi = {10.1145/98163.98167},
    issn = {03600300},
    keywords = {and phrases, client-server}
}

@article{Fischer1985,
    title = {{Impossibility of Distributed Consensus with One Faulty Process}},
    year = {1985},
    journal = {Journal of the ACM},
    author = {Fischer, Michael J. and Lynch, Nancy A. and Paterson, Michael S.},
    number = {2},
    pages = {374--382},
    volume = {32},
    url = {http://portal.acm.org/citation.cfm?doid=3149.214121},
    isbn = {3-540-50840-6},
    doi = {10.1145/3149.214121},
    issn = {00045411}
}

@article{Nugent2016,
    title = {{Improving data transparency in clinical trials using blockchain smart contracts}},
    year = {2016},
    journal = {F1000Research},
    author = {Nugent, Timothy and Upton, David and Cimpoesu, Mihai},
    number = {October},
    pages = {2541},
    volume = {5},
    url = {https://f1000research.com/articles/5-2541/v1},
    doi = {10.12688/f1000research.9756.1},
    issn = {2046-1402}
}

@incollection{Frowis2017,
    title = {{In Code We Trust?}},
    year = {2017},
    booktitle = {Data Privacy Management, Cryptocurrencies and Blockchain Technology DPM 2017, CBT 2017},
    author = {Fr{\"{o}}wis, Michael and B{\"{o}}hme, Rainer},
    editor = {Garcia-Alfaro, Joaquin and Navarro-Arribas, Guillermo and Hartenstein, Hannes and Herrera-Joancomart{\'{i}}, Jordi},
    pages = {357--372},
    series = {Lecture Notes in Computer Science},
    volume = {10436},
    publisher = {Springer International Publishing},
    address = {Cham},
    isbn = {978-3-319-67815-3},
    doi = {10.1007/978-3-319-67816-0{\_}20},
    keywords = {smart contract}
}

@inproceedings{Lamport2014,
    title = {{In Search of an Understandable Consensus Algorithm}},
    year = {2014},
    booktitle = {2014 USENIX Annual Technical Conference (USENIX ATC 14)},
    author = {Ongaro, Diego and Ousterhout, John},
    pages = {305--319},
    publisher = {USENIX Association},
    address = {Philadelphia, PA, USA},
    keywords = {22, 29, 3, 39, 4, 5, 6, 81, Asynchronous consensus, Atomic broadcast, C24 [Computer-Communications Networks], Categories and Subject Descriptors, D45 [Operating Systems], Design, Distributed Systems—Network operating systems, Distributed algorithms, Fault tolerance, Fault-tolerance, Government General Terms, J1 [Administrative Data Processing], Multiprocessors, Primary backup, Real-time systems, Reliability, Reliability Additional Key Words and Phrases, Reliability—Fault-tolerance, Schedulability, Scheduling, State machines, agreement, and ehrases, and phrases, authentication, client-server, consistency, cr categories, distributed executive, fault, fault avoidance, synchronization, three-phase commit, tolerance, voting}
}

@article{Luo2016,
    title = {{Incentive Mechanism Design for Heterogeneous Crowdsourcing Using All-Pay Contests}},
    year = {2016},
    journal = {IEEE Transactions on Mobile Computing},
    author = {Luo, Tie and Kanhere, Salil S. and Das, Sajal K. and Tan, Hwee Pink},
    number = {9},
    pages = {2234--2246},
    volume = {15},
    isbn = {1536-1233},
    doi = {10.1109/TMC.2015.2485978},
    issn = {15361233},
    keywords = {Crowdsourcing, all-pay auction, asymmetric auction, mobile crowd sensing, participatory sensing, strategy autonomy}
}

@article{Buraschi2014,
    title = {{Incentives and Endogenous Risk Taking: A Structural View on Hedge Fund Alphas}},
    year = {2014},
    journal = {The Journal of Finance},
    author = {Buraschi, Andrea and Kosowski, Robert and Sritrakul, Worrawat},
    number = {6},
    month = {12},
    pages = {2819--2870},
    volume = {69},
    keywords = {2010, 2011, andrea buraschi, college business school, euler equation, first version, hedge fund performance, imperial college, london, november 10 th, optimal portfolio choice, robert kosowski and worrawat, sritrakul are at imperial, the usual disclaimer applies, this version}
}

@article{Cohen2003,
    title = {{Incentives Build Robustness in BitTorrent}},
    year = {2003},
    journal = {Workshop on Economics of PeertoPeer systems},
    author = {Cohen, Bram},
    pages = {68–72},
    volume = {6},
    url = {http://citeseerx.ist.psu.edu/viewdoc/download?doi=10.1.1.14.1911&amp;rep=rep1&amp;type=pdf},
    isbn = {0750913347},
    doi = {10.1.1.14.1911},
    keywords = {BitTorrent}
}

@article{Lewenberg2015,
    title = {{Inclusive Block Chain Protocols}},
    year = {2015},
    journal = {Financial Cryptography},
    author = {Lewenberg, Yoad and Sompolinsky, Yonatan and Zohar, Aviv},
    pages = {528--547},
    series = {Lecture Notes in Computer Science},
    volume = {8975},
    publisher = {Springer},
    url = {http://www.ncbi.nlm.nih.gov/pubmed/4520227},
    keywords = {anonymity, bitcoin, coinseer, ddos, game theory, internet, security}
}

@book{Christensen1997,
    title = {{Innovator's Dilemma:When new technologies cause great firms to fail}},
    year = {1997},
    booktitle = {Harvard Business School Press Books},
    author = {Christensen, Clayton M},
    pages = {1},
    isbn = {978-1-4221-9602-1},
    doi = {10.1515/9783110215519.82},
    issn = {08884463},
    pmid = {12579354},
    arxivId = {0836919483}
}

@article{Belardinelli2012,
    title = {{Interactions between knowledge and time in a first-order logic for multi-agent systems: Completeness results}},
    year = {2012},
    journal = {Journal of Artificial Intelligence Research},
    author = {Belardinelli, F. and Lomuscio, A.},
    pages = {1--45},
    volume = {45},
    doi = {10.1613/jair.3547},
    issn = {10769757}
}

@misc{ConsenSys2015,
    title = {{Intro to Programming Smart Contracts on Ethereum}},
    year = {2015},
    author = {{ConsenSys}},
    url = {http://consensys.github.io/developers/articles/101-noob-intro/#clients_languages}
}

@misc{ENS2018,
    title = {{Introduction - ENS 0.1 documentation}},
    year = {2018},
    author = {{ENS}},
    url = {https://docs.ens.domains/en/latest/introduction.html#architecture}
}

@article{Mazumdar2016,
    title = {{Introduction and Overview of verifiable computation}},
    year = {2016},
    journal = {Computer Engineering},
    author = {Walfish, Michael}
}

@misc{Tendermint2016,
    title = {{Introduction to Tendermint - Tendermint}},
    year = {2016},
    author = {{Tendermint}},
    url = {https://tendermint.com/intro}
}

@article{Chen2014,
    title = {{Investment bank reputation and “star” cultures.}},
    year = {2014},
    journal = {Review of Corporate Finance Studies},
    author = {Chen, Zhaohui and Morrison, Alan D. and Wilhelm, William J.},
    pages = {129--153},
    volume = {2.2}
}

@unpublished{Benet2015,
    title = {{IPFS - Content Addressed, Versioned, P2P File System (DRAFT 3)}},
    year = {2015},
    author = {Benet, Juan}
}

@misc{Johnson2018blocks,
    title = {{ipfs documentation - blocks}},
    year = {2018},
    author = {Johnson, Jeromy},
    url = {https://ipfs.io/docs/examples/example-viewer/example#../data/readme.md}
}

@misc{Johnson2018pinning,
    title = {{ipfs documentation - pinning}},
    year = {2018},
    author = {Johnson, Jeromy},
    url = {https://ipfs.io/docs/examples/example-viewer/example#../pinning/readme.md}
}

@misc{ProtocolLabs2018,
    title = {{IPLD - The data model of the content-addressable web}},
    year = {2018},
    author = {{Protocol Labs}},
    url = {https://ipld.io/implementations/}
}

@article{DeloitteIsrael2016,
    title = {{Israel : A Hotspot for Blockchain Innovation}},
    year = {2016},
    author = {{Deloitte Israel}},
    pages = {1--33},
    url = {http://www2.deloitte.com/content/dam/Deloitte/il/Documents/financial-services/israel_a_hotspot_for_blockchain_innovation_feb2016_1.1.pdf}
}

@article{Sandholm1995,
    title = {{Issues in automated negotiation and electronic commerce: Extending the contract net framework}},
    year = {1995},
    journal = {Proceedings of ICMAS95},
    author = {Sandholm, Tuomas and Lesser, V},
    pages = {328--335},
    url = {http://www.aaai.org/Papers/ICMAS/1995/ICMAS95-044.pdf},
    isbn = {0 262 62102 9},
    keywords = {C1230 (Artificial intelligence), C6170 (Expert systems), C7120 (Financial computing), P Practical, automated negotiation, computational complexity, contract net framework, contracts, cooperative systems, electronic commerce, financial data processing, iterative task allocation, message congestion, multi-agent contracts, protocol, protocols, self-interested agents, software agents}
}

@inproceedings{Parkes2000,
    title = {{Iterative Combinatorial Auctions: Theory and Practice}},
    year = {2000},
    booktitle = {Proceedings of the Seventeenth National Conference on Artificial Intelligence and Twelfth Conference on on Innovative Applications of Artificial Intelligenceerence on on Innovative Applications of Artificial Intelligence Intelligence},
    author = {Parkes, David C. and Ungar, Lyle H.},
    pages = {74--81},
    doi = {10.1.1.1.7219}
}

@article{FragosoSantos2017,
    title = {{JaVerT: JavaScript verification toolchain}},
    year = {2017},
    journal = {Proceedings of the ACM on Programming Languages},
    author = {Fragoso Santos, José and Maksimovi{\'{c}}, Petar and Naud{\v{z}}iuniene, Daiva and Wood, Thomas and Gardner, Philippa},
    number = {POPL},
    month = {12},
    pages = {1--33},
    volume = {2},
    url = {http://dl.acm.org/citation.cfm?doid=3177123.3158138},
    doi = {10.1145/3158138},
    issn = {24751421}
}

@misc{EthereumFoundation2018IULIA,
    title = {{Joyfully Universal Language for (Inline) Assembly}},
    year = {2018},
    author = {{Ethereum Foundation}},
    url = {https://solidity.readthedocs.io/en/v0.4.24/julia.html}
}

@unpublished{Rosu2007,
    title = {{K: A Rewriting-Based Framework for Computations - Preliminary version}},
    year = {2007},
    author = {Rosu, Grigore}
}

@misc{Maric2018,
    title = {{Keeping smart contracts private is hard - unless you truly understand them}},
    year = {2018},
    booktitle = {DAML series},
    author = {Maric, Ognjen and Krom, Robin S.},
    url = {https://medium.com/daml-driven/keeping-smart-contracts-private-is-hard-unless-you-truly-understand-them-920b31d723e4}
}

@techreport{Hildenbrandt2017,
    title = {{KEVM: A Complete Semantics of the Ethereum Virtual Machine}},
    year = {2017},
    author = {Hildenbrandt, Everett and Saxena, Manasvi and Zhu, Xiaoran and Rodrigues, Nishant and Daian, Philip and Guth, Dwight and Rosu, Grigore},
    pages = {1--33},
    url = {http://hdl.handle.net/2142/97207}
}

@misc{Mueller2018LASER,
    title = {{LASER: symbolic virtual machine for Ethereum}},
    year = {2018},
    author = {Mueller, Bernhard},
    url = {https://github.com/b-mueller/laser-ethereum}
}

@inproceedings{Charikar2017,
    title = {{Learning from untrusted data}},
    year = {2017},
    booktitle = {Proceedings of the 49th Annual ACM SIGACT Symposium on Theory of Computing - STOC 2017},
    author = {Charikar, Moses and Steinhardt, Jacob and Valiant, Gregory},
    pages = {47--60},
    publisher = {ACM Press},
    address = {New York, New York, USA},
    isbn = {9781450345286},
    doi = {10.1145/3055399.3055491},
    issn = {07378017},
    arxivId = {1611.02315}
}

@book{Sapovadia2015,
    title = {{Legal Issues in Cryptocurrency}},
    year = {2015},
    booktitle = {Handbook of Digital Currency},
    author = {Sapovadia, Vrajlal},
    pages = {253--266},
    url = {http://linkinghub.elsevier.com/retrieve/pii/B9780128021170000138},
    keywords = {Cryptocurrency as future currency, Legal issue in digital currency, Legality of cryptocurrency}
}

@inproceedings{Mulligan2014,
    title = {{Lem: reusable engineering of real-world semantics}},
    year = {2014},
    booktitle = {Proceedings of the 19th ACM SIGPLAN international conference on Functional programming - ICFP '14},
    author = {Mulligan, Dominic P. and Owens, Scott and Gray, Kathryn E. and Ridge, Tom and Sewell, Peter},
    number = {9},
    pages = {175--188},
    volume = {49},
    publisher = {ACM Press},
    url = {http://dl.acm.org/citation.cfm?id=2628136.2628143 http://dl.acm.org/citation.cfm?doid=2628136.2628143},
    address = {New York, New York, USA},
    isbn = {9781450328739},
    doi = {10.1145/2628136.2628143},
    issn = {0362-1340},
    keywords = {lem, proof assistants, real-world semantics, specification language, specification languages}
}

@article{Sandholm2001,
    title = {{Leveled Commitment Contracts and Strategic Breach}},
    year = {2001},
    journal = {Games and Economic Behavior},
    author = {Sandholm, Tuomas W. and Lesser, Victor R.},
    number = {1-2},
    pages = {212--270},
    volume = {35},
    doi = {10.1006/game.2000.0831},
    issn = {08998256},
    keywords = {Artificial intelligence, Automated negotiation, Bargaining, Breach, Contract, Economics of uncertainty, Market design, Multiagent systems, Search}
}

@article{Lattner2004,
    title = {{LLVM: A Compilation Framework for Lifelong Program Analysis and Transformation}},
    year = {2004},
    journal = {Proceedings of the International Symposium on Code Generation and Optimization (CGO)},
    author = {Lattner, Chris and Adve, Vikram},
    isbn = {0769521029}
}

@book{Huth2004,
    title = {{Logic in Computer Science: Modelling and Reasoning about Systems}},
    year = {2004},
    author = {Huth, Michael and Ryan, Mark},
    edition = {Second},
    publisher = {Cambridge University Press},
    isbn = {9780521543101}
}

@unpublished{Renne2014,
    title = {{Logics of Temporal-Epistemic Actions}},
    year = {2014},
    author = {Renne, Bryan and Sack, Joshua and Yap, Audrey},
    pages = {1--35},
    url = {http://arxiv.org/abs/1411.6279},
    arxivId = {1411.6279}
}

@misc{DelaRouviere2016,
    title = {{Love, The End of the World, and The Benefits of Verifiable Computing}},
    year = {2016},
    author = {de la Rouviere, Simon},
    url = {https://medium.com/@ConsenSys/love-the-end-of-the-world-and-the-benefits-of-verifiable-computing-1697658e3143#.nn9024jpp}
}

@article{Howitt2008,
    title = {{Macroeconomics with intelligent autonomous agents}},
    year = {2008},
    journal = {Macroeconomics in the Small and the Large: Essays},
    author = {Howitt, Peter}
}

@incollection{Christin2014,
    title = {{Majority Is Not Enough: Bitcoin Mining Is Vulnerable}},
    year = {2014},
    booktitle = {Lecture Notes in Computer Science (including subseries Lecture Notes in Artificial Intelligence and Lecture Notes in Bioinformatics)},
    author = {Eyal, Ittay and Sirer, Emin Gün},
    editor = {Christin, Nicolas and Safavi-Naini, Reihaneh},
    pages = {436--454},
    series = {Lecture Notes in Computer Science},
    volume = {8437},
    publisher = {Springer Berlin Heidelberg},
    url = {http://link.springer.com/10.1007/978-3-662-45472-5 http://link.springer.com/10.1007/978-3-662-45472-5_28},
    address = {Berlin, Heidelberg},
    isbn = {978-3-662-45471-8},
    doi = {10.1007/978-3-662-45472-5{\_}28},
    issn = {16113349},
    pmid = {4520227},
    arxivId = {arXiv:1311.0243}
}

@misc{IBMCorporation2016,
    title = {{Making Blockchain Real for Business}},
    year = {2016},
    author = {{IBM Corporation}},
    url = {http://www.ibm.com/systems/data/flash/it/technicalday/pdf/Making blockchain real for business.pdf}
}

@inproceedings{Luu2016,
    title = {{Making Smart Contracts Smarter}},
    year = {2016},
    booktitle = {Proceedings of the 2016 ACM SIGSAC Conference on Computer and Communications Security - CCS'16},
    author = {Luu, Loi and Chu, Duc-Hiep and Olickel, Hrishi and Saxena, Prateek and Hobor, Aquinas},
    pages = {254--269},
    publisher = {ACM Press},
    address = {New York, New York, USA},
    isbn = {9781450341394},
    doi = {10.1145/2976749.2978309},
    issn = {15437221}
}

@inproceedings{Aberer2001,
    title = {{Managing trust in a peer-2-peer information system}},
    year = {2001},
    booktitle = {Proceedings of the tenth international conference on Information and knowledge management - CIKM'01},
    author = {Aberer, Karl and Despotovic, Zoran},
    pages = {310},
    publisher = {ACM Press},
    address = {New York, New York, USA},
    isbn = {1581134363},
    doi = {10.1145/502585.502638},
    issn = {09727272},
    keywords = {decentralized databases, information systems, peer-to-peer, reputation, trust management}
}

@article{Gibbard1973,
    title = {{Manipulation of Voting Schemes: A General Result}},
    year = {1973},
    journal = {Econometrica},
    author = {Gibbard, Allan},
    number = {4},
    pages = {587},
    volume = {41},
    url = {http://www.jstor.org/stable/1914083?origin=crossref},
    isbn = {9788578110796},
    doi = {10.2307/1914083},
    issn = {00129682},
    pmid = {25246403},
    arxivId = {arXiv:1011.1669v3}
}

@inproceedings{Roth,
    title = {{Mechanism design in large games}},
    year = {2014},
    booktitle = {Proceedings of the 5th conference on Innovations in theoretical computer science - ITCS '14},
    author = {Kearns, Michael and Pai, Mallesh and Roth, Aaron and Ullman, Jonathan},
    pages = {403--410},
    publisher = {ACM Press},
    url = {http://dl.acm.org/citation.cfm?doid=2554797.2554834},
    address = {New York, New York, USA},
    isbn = {9781450326988},
    doi = {10.1145/2554797.2554834},
    keywords = {differen-, game theory, large games, mechanism design}
}

@article{Azaria2016,
    title = {{MedRec: Using Blockchain for Medical Data Access and Permission Management}},
    year = {2016},
    journal = {2016 2nd International Conference on Open and Big Data (OBD)},
    author = {Azaria, Asaph and Ekblaw, Ariel and Vieira, Thiago and Lippman, Andrew},
    pages = {25--30},
    url = {http://ieeexplore.ieee.org/document/7573685/},
    isbn = {978-1-5090-4054-4},
    doi = {10.1109/OBD.2016.11},
    keywords = {-electronic medical records, access control, cols, cryptographic proto-, distributed information systems}
}

@unpublished{Trinkler2016,
    title = {{Melon protocol: a blockchain protocol for digital asset management}},
    year = {2016},
    author = {Trinkler, Reto and El Isa, Mona},
    pages = {1--7},
    url = {https://contribution.melonport.com/}
}

@misc{DynamicLedgerSolutions2017,
    title = {{Michelson: the language of Smart Contracts in Tezos}},
    year = {2017},
    author = {{Dynamic Ledger Solutions}},
    url = {https://www.michelson-lang.com/}
}

@article{Classen2010,
    title = {{Model checking lots of systems: efficient verification of temporal properties in software product lines}},
    year = {2010},
    journal = {2010 ACM/IEEE 32nd International Conference on Software Engineering},
    author = {Classen, Andreas and Heymans, Patrick and Schobbens, Pierre-Yves and Legay, Axel and Raskin, Jean-Francois},
    pages = {335--344},
    volume = {1},
    isbn = {978-1-60558-719-6},
    doi = {10.1145/1806799.1806850},
    issn = {0270-5257},
    keywords = {features, software product lines, specification}
}

@incollection{Calcagno2015,
    title = {{Moving Fast with Software Verification}},
    year = {2015},
    booktitle = {Lecture Notes in Computer Science (including subseries Lecture Notes in Artificial Intelligence and Lecture Notes in Bioinformatics)},
    author = {Calcagno, Cristiano and Distefano, Dino and Dubreil, Jeremy and Gabi, Dominik and Hooimeijer, Pieter and Luca, Martino and O’Hearn, Peter and Papakonstantinou, Irene and Purbrick, Jim and Rodriguez, Dulma},
    pages = {3--11},
    volume = {9058},
    url = {http://link.springer.com/10.1007/978-3-319-17524-9_1},
    isbn = {9783319175232},
    doi = {10.1007/978-3-319-17524-9{\_}1},
    issn = {16113349}
}

@inproceedings{Hoz2017,
    title = {{Multi-Agent Nonlinear Negotiation for Wi-Fi Channel Assignment}},
    year = {2017},
    booktitle = {Autonomous Agents and Multi-Agent Systems},
    author = {Hoz, Enrique De and Marsa-maestre, Ivan and Manuel, Jose and Orden, David and Klein, Mark},
    number = {Aamas},
    pages = {1035--1043},
    keywords = {graph coloring, nonlinear negotiation, wi-fi channel assignment}
}

@inproceedings{Calvaresi2018a,
    title = {{Multi-Agent Systems and Blockchain: Results from a Systematic Literature Review}},
    year = {2018},
    booktitle = {Proceedings of Practical Applications of Agents and Multi-Agent Systems (ICAART 2018)},
    author = {Calvaresi, Davide and Dubovitskaya, Alevtina and Calbimonte, Jean Paul and Taveter, Kuldar and Schumacher, Michael},
    number = {April},
    keywords = {Blockchain, Multi-Agent Systems, Systematic Literature Re-view}
}

@article{Calvaresi2018,
    title = {{Multi-Agent Systems' Negotiation Protocols for Cyber-Physical Systems: Results from a Systematic Literature Review}},
    year = {2018},
    journal = {Proceedings of the 10th International Conference on Agents and Artificial Intelligence},
    author = {Calvaresi, Davide and Appoggetti, Kevin and Lustrissimi, Luca and Marinoni, Mauro and Sernani, Paolo and Dragoni, Aldo F. and Schumacher, Michael},
    number = {January},
    pages = {224--235},
    volume = {1},
    url = {http://www.scitepress.org/DigitalLibrary/Link.aspx?doi=10.5220/0006594802240235},
    isbn = {978-989-758-275-2},
    doi = {10.5220/0006594802240235}
}

@article{GuoZhilingKauffmanRobLinMeiMa2015,
    title = {{Near Real-Time Retail Payment and Settlement Systems Mechanism Design}},
    year = {2015},
    author = {Guo, Zhiling; Kauffman, Rob; Lin, Mei; Ma, Dan},
    pages = {61},
    url = {http://poseidon01.ssrn.com/delivery.php?ID=02609708402100107208301106410111509304206402904405401312603012406802207100206509907702101700003303703804308008901707706712408012105304708201208711811610306706512412502904004411009010000106511400210411406710911811}
}

@unpublished{Covaci2018,
    title = {{NECTAR: Non-Interactive Smart Contract Protocol using Blockchain Technology}},
    year = {2018},
    author = {Covaci, Alexandra and Madeo, Simone and Motylinski, Patrick and Vincent, Stéphane},
    url = {http://arxiv.org/abs/1803.04860},
    doi = {10.1145/3194113.3194116},
    arxivId = {1803.04860},
    keywords = {bitcoin, blockchain, interactive protocol, non-, smart contract, verifiable computation}
}

@article{Rosenfeld2016,
    title = {{NegoChat-A: a chat-based negotiation agent with bounded rationality}},
    year = {2016},
    journal = {Autonomous Agents and Multi-Agent Systems},
    author = {Rosenfeld, Avi and Zuckerman, Inon and Segal-Halevi, Erel and Drein, Osnat and Kraus, Sarit},
    number = {1},
    month = {1},
    pages = {60--81},
    volume = {30},
    publisher = {Springer US},
    url = {http://dx.doi.org/10.1007/s10458-015-9281-9 http://link.springer.com/10.1007/s10458-015-9281-9},
    isbn = {978-1-4503-2738-1},
    doi = {10.1007/s10458-015-9281-9},
    issn = {1387-2532},
    keywords = {Algorithms, Human-agent interactions, Negotiation}
}

@article{Lopes2008,
    title = {{Negotiation among autonomous computational agents: principles, analysis and challenges}},
    year = {2008},
    journal = {Artificial Intelligence Review},
    author = {Lopes, Fernando and Wooldridge, Michael and Novais, A. Q.},
    number = {1},
    month = {3},
    pages = {1--44},
    volume = {29},
    url = {http://link.springer.com/10.1007/s10462-009-9107-8},
    isbn = {0269-2821},
    doi = {10.1007/s10462-009-9107-8},
    issn = {0269-2821},
    keywords = {Automated negotiation, Autonomous agents, Bargaining, Impasse, Multi-agent systems, Negotiation framework, Negotiation systems, Pre-negotiation, Renegotiation}
}

@article{Faratin1998,
    title = {{Negotiation decision functions for autonomous agents}},
    year = {1998},
    journal = {Robotics and Autonomous Systems},
    author = {Faratin, Peyman and Sierra, Carles and Jennings, Nick R},
    number = {3-4},
    pages = {159--182},
    volume = {24},
    url = {http://linkinghub.elsevier.com/retrieve/pii/S0921889098000293},
    doi = {10.1016/S0921-8890(98)00029-3},
    issn = {09218890},
    keywords = {business process management, multi-agent systems, negotiation}
}

@unpublished{Anderson2016,
    title = {{New kids on the block: an analysis of modern blockchains}},
    year = {2016},
    author = {Anderson, Luke and Holz, Ralph and Ponomarev, Alexander and Rimba, Paul and Weber, Ingo},
    month = {6},
    url = {http://arxiv.org/abs/1606.06530}
}

@article{Kollingbaum2003a,
    title = {{NoA - A normative agent architecture}},
    year = {2003},
    journal = {IJCAI International Joint Conference on Artificial Intelligence},
    author = {Kollingbaum, Martin J. and Norman, Timothy J.},
    number = {X},
    pages = {1465--1466},
    issn = {10450823}
}

@article{Kollingbaum2003,
    title = {{Norm adoption in the NoA agent architecture}},
    year = {2003},
    journal = {Proceedings of the second international joint conference on Autonomous agents and multiagent systems},
    author = {Kollingbaum, M J and Norman, T J},
    pages = {1038--1039},
    url = {http://dl.acm.org/citation.cfm?id=860784%5Cnpapers2://publication/uuid/A4FDB3AD-01F1-432A-8B48-0C4F9681C163},
    isbn = {1581136838},
    doi = {10.1145/860722.860784},
    issn = {1581136838}
}

@article{Boman1999,
    title = {{Norms in artificial decision making}},
    year = {1999},
    journal = {Artificial Intelligence and Law},
    author = {Boman, Magnus},
    number = {1},
    pages = {17--35},
    volume = {7},
    doi = {10.1023/A:1008311429414},
    issn = {09248463},
    keywords = {constraint, decisions under uncer-, decisions with risk, norm, policy, real-time decision making, social space, tainty, vague information}
}

@article{Rousseau1998,
    title = {{Not So Different After All: A Cross-discipline View of Trust}},
    year = {1998},
    journal = {Academy of Management Review},
    author = {Rousseau, Denise M. and Sitkin, Sim B. and Burt, Ronald S. and Camerer, Colin},
    number = {3},
    month = {7},
    pages = {393--404},
    volume = {23},
    isbn = {03637425},
    doi = {10.5465/AMR.1998.926617},
    issn = {0363-7425},
    pmid = {926617}
}

@inproceedings{Coblenz2017,
    title = {{Obsidian: A Safer Blockchain Programming Language}},
    year = {2017},
    booktitle = {2017 IEEE/ACM 39th International Conference on Software Engineering Companion (ICSE-C)},
    author = {Coblenz, Michael},
    month = {5},
    pages = {97--99},
    publisher = {IEEE},
    url = {http://ieeexplore.ieee.org/document/7965268/},
    isbn = {978-1-5386-1589-8},
    doi = {10.1109/ICSE-C.2017.150},
    keywords = {Blockchain programming, Blockchain security, Programming language usability}
}

@techreport{OceanProtocolFoundation2018,
    title = {{Ocean Protocol: A Decentralized Substrate for AI Data {\&} Services - Technical Whitepaper}},
    year = {2018},
    author = {{Ocean Protocol Foundation}},
    url = {https://oceanprotocol.com/tech-whitepaper.pdf}
}

@article{Jennings2000,
    title = {{On agent-based software engineering}},
    year = {2000},
    journal = {Artificial Intelligence},
    author = {Jennings, Nicholas R},
    number = {2},
    pages = {277--296},
    volume = {117},
    url = {http://linkinghub.elsevier.com/retrieve/pii/S0004370299001071},
    doi = {10.1016/S0004-3702(99)00107-1},
    issn = {00043702},
    keywords = {agent interactions, agent-based computing, multi-agent systems, social level, software engineering}
}

@misc{Buterin2015a,
    title = {{On Anti-Pre-Revelation Games}},
    year = {2015},
    author = {Buterin, Vitalik},
    url = {https://blog.ethereum.org/2015/08/28/on-anti-pre-revelation-games/}
}

@article{Turing1937,
    title = {{On Computable Numbers, with an Application to the Entscheidungsproblem}},
    year = {1937},
    journal = {Proceedings of the London Mathematical Society},
    author = {Turing, A. M.},
    number = {1},
    pages = {230--265},
    volume = {s2-42}
}

@inproceedings{Esfandiari2001,
    title = {{On how agents make friends: Mechanisms for trust acquisition}},
    year = {2001},
    booktitle = {Proceedings of the Fourth Workshop on Deception, Fraud and Trust in Agent Societies},
    author = {Esfandiari, Babak and Chandrasekharan, Sanjay},
    number = {19 June},
    pages = {27--34},
    volume = {222},
    address = {Montreal, Canada},
    doi = {10.1.1.11.4683},
    keywords = {Mechanisms for Trust}
}

@article{Governatori2018,
    title = {{On legal contracts, imperative and declarative smart contracts, and blockchain systems}},
    year = {2018},
    journal = {Artificial Intelligence and Law},
    author = {Governatori, Guido and Idelberger, Florian and Milosevic, Zoran and Riveret, Regis and Sartor, Giovanni and Xu, Xiwei},
    month = {3},
    publisher = {Springer Netherlands},
    url = {http://link.springer.com/10.1007/s10506-018-9223-3},
    doi = {10.1007/s10506-018-9223-3},
    issn = {0924-8463},
    keywords = {Blockchain, Legal contracts, Smart contracts, contracts {\'{a}} blockchain, legal contracts {\'{a}} smart}
}

@misc{Buterin2015,
    title = {{On Public and Private Blockchains - Ethereum Blog}},
    year = {2015},
    author = {Buterin, Vitalik},
    url = {https://blog.ethereum.org/2015/08/07/on-public-and-private-blockchains/}
}

@incollection{Cromanetal2016,
    title = {{On Scaling Decentralized Blockchains}},
    year = {2016},
    booktitle = {Financial Cryptography and Data Security},
    author = {Croman, Kyle and Decker, Christian and Eyal, Ittay and Gencer, Adem Efe and Juels, Ari and Kosba, Ahmed and Miller, Andrew and Saxena, Prateek and Shi, Elaine and G{\"{u}}n Sirer, Emin and Song, Dawn and Wattenhofer, Roger},
    editor = {Dingledine, Roger and Golle, Philippe},
    month = {11},
    pages = {106--125},
    series = {Lecture Notes in Computer Science},
    volume = {5628},
    publisher = {Springer Berlin Heidelberg},
    url = {http://www.springerlink.com/index/10.1007/978-3-642-03549-4 http://arxiv.org/abs/1311.0243 http://link.springer.com/10.1007/978-3-642-03549-4 http://link.springer.com/10.1007/978-3-662-53357-4_8},
    address = {Berlin, Heidelberg},
    isbn = {978-3-642-03548-7},
    doi = {10.1007/978-3-662-53357-4{\_}8},
    issn = {0302-9743},
    pmid = {4520227},
    arxivId = {1311.0243},
    keywords = {anonymity, bitcoin, coinseer, ddos, game theory, internet, security}
}

@article{Dung1995,
    title = {{On the acceptability of arguments and its fundamental role in nonmonotonic reasoning, logic programming and n-person games}},
    year = {1995},
    journal = {Artificial Intelligence},
    author = {Dung, Phan Minh},
    number = {2},
    pages = {321--357},
    volume = {77},
    url = {http://linkinghub.elsevier.com/retrieve/pii/000437029400041X},
    doi = {10.1016/0004-3702(94)00041-X},
    issn = {00043702}
}

@article{Gramoli2016,
    title = {{On the Danger of Private Blockchains}},
    year = {2016},
    journal = {IBM Research},
    author = {Gramoli, Vincent},
    pages = {1--4}
}

@misc{Grigg2015,
    title = {{On the intersection of Ricardian and Smart Contracts}},
    year = {2015},
    author = {Grigg, Ian},
    url = {http://iang.org/papers/intersection_ricardian_smart.html}
}

@article{Ouaknine2004,
    title = {{On the Language Inclusion Problem for Timed Automata: Closing a Decidability Gap}},
    year = {2004},
    journal = {Proceedings of the 19th Annual IEEE Symposium on Logic in Computer Science, 2004.},
    author = {Ouaknine, Joel and Worrell, James},
    isbn = {0-7695-2192-4},
    doi = {10.1109/LICS.2004.1319600},
    issn = {1043-6871}
}

@article{Liang1999,
    title = {{On the performance of hedge funds}},
    year = {1999},
    journal = {Financial Analysts Journal},
    author = {Liang, Bing},
    number = {4},
    pages = {72–85},
    volume = {55}
}

@article{Grossman2017,
    title = {{Online detection of effectively callback free objects with applications to smart contracts}},
    year = {2017},
    journal = {Proceedings of the ACM on Programming Languages},
    author = {Grossman, Shelly and Abraham, Ittai and Golan-Gueta, Guy and Michalevsky, Yan and Rinetzky, Noam and Sagiv, Mooly and Zohar, Yoni},
    number = {POPL},
    month = {12},
    pages = {1--28},
    volume = {2},
    url = {http://arxiv.org/abs/1801.04032 http://dl.acm.org/citation.cfm?doid=3177123.3158136},
    doi = {10.1145/3158136},
    issn = {24751421},
    arxivId = {1801.04032},
    keywords = {Modular reasoning, Program analysis, Smart contracts}
}

@misc{IABTechLab2017,
    title = {{OpenRTB 3.0 Framework Launching}},
    year = {2017},
    author = {{IAB Tech Lab}},
    number = {September},
    pages = {1--35}
}

@misc{Orbit2018,
    title = {{OrbitDB Peer-to-Peer Databases for the Decentralized Web}},
    year = {2018},
    author = {{Haja Networks}},
    url = {https://github.com/orbitdb/orbit-db}
}

@article{Kiayias2017,
    title = {{Ouroboros: A provably secure proof-of-stake blockchain protocol}},
    year = {2017},
    journal = {Lecture Notes in Computer Science (including subseries Lecture Notes in Artificial Intelligence and Lecture Notes in Bioinformatics)},
    author = {Kiayias, Aggelos and Russell, Alexander and David, Bernardo and Oliynykov, Roman},
    pages = {357--388},
    volume = {10401 LNCS},
    isbn = {9783319636870},
    doi = {10.1007/978-3-319-63688-7{\_}12},
    issn = {16113349}
}

@incollection{Deneuville2017,
    title = {{Ouroboros: A Simple, Secure and Efficient Key Exchange Protocol Based on Coding Theory}},
    year = {2017},
    author = {Deneuville, Jean-Christophe and Gaborit, Philippe and Z{\'{e}}mor, Gilles},
    pages = {18--34},
    volume = {1},
    url = {http://link.springer.com/10.1007/978-3-319-59879-6_2},
    doi = {10.1007/978-3-319-59879-6{\_}2},
    keywords = {post-quantum cryptography}
}

@article{Kouvaros2016,
    title = {{Parameterised verification for multi-agent systems}},
    year = {2016},
    journal = {Artificial Intelligence},
    author = {Kouvaros, Panagiotis and Lomuscio, Alessio},
    number = {October},
    month = {5},
    pages = {152--189},
    volume = {234},
    url = {http://linkinghub.elsevier.com/retrieve/pii/S0004370216000151},
    isbn = {0004-3702},
    doi = {10.1016/j.artint.2016.01.008},
    issn = {00043702},
    keywords = {Cutoffs, Multi-agent systems, Parameterised verification, Validation}
}

@book{Wilmott2013,
    title = {{Paul Wilmott on quantitative finance}},
    year = {2013},
    author = {Wilmott, Paul},
    publisher = {John Wiley {\&} Sons}
}

@article{Farrell2004,
    title = {{Performance monitoring of service-level agreements for utility computing using the Event Calculus}},
    year = {2004},
    journal = {Proceedings - First IEEE International Workshop on Electronic Contracting, WEC 2004},
    author = {Farrell, Andrew D.H. and Sergot, Marek J. and Salle, Mathias and Bartoiini, Claudio and Trastour, David and Christodoulou, Athena},
    number = {i},
    pages = {17--24},
    isbn = {0769521843},
    doi = {10.1109/WEC.2004.1319504}
}

@unpublished{Smolenski2017,
    title = {{Permissioned Blocks White Paper}},
    year = {2017},
    author = {Smolenski, Michael},
    url = {https://github.com/autocontracts/permissioned-blocks/blob/master/whitepaper.md}
}

@article{Gilbert2012,
    title = {{Perspectives on the CAP Theorem}},
    year = {2012},
    journal = {Computer},
    author = {Gilbert, Seth and Lynch, Nancy},
    number = {2},
    month = {2},
    pages = {30--36},
    volume = {45},
    url = {http://ieeexplore.ieee.org/document/6122006/},
    doi = {10.1109/MC.2011.389},
    issn = {0018-9162}
}

@unpublished{Dziembowski2017,
    title = {{PERUN: Virtual Payment Channels over Cryptographic Currencies}},
    year = {2017},
    author = {Dziembowski, Stefan and Eckey, Lisa and Faust, Sebastian and Malinowski, Daniel},
    pages = {1--18}
}

@unpublished{Sompolinsky2018,
    title = {{PHANTOM: A Scalable BlockDAG protocol}},
    year = {2018},
    author = {Sompolinsky, Yonatan and Zohar, Aviv},
    url = {https://eprint.iacr.org/2018/104.pdf}
}

@unpublished{Poon2017,
    title = {{Plasma: Scalable Autonomous Smart Contracts}},
    year = {2017},
    author = {Poon, Joseph and Buterin, Vitalik},
    pages = {1--47},
    url = {https://plasma.io/plasma.pdf},
    keywords = {scalable autonomous smart contracts, sma}
}

@techreport{Wood2017,
    title = {{Polkadot: Vision for a Heterogeneous Multi-Chain Framework}},
    year = {2017},
    author = {Wood, Gavin},
    pages = {1--21},
    url = {https://github.com/w3f/polkadot-white-paper/raw/master/PolkaDotPaper.pdf}
}

@article{Juels2007,
    title = {{Pors: Proofs of retrievability for large files}},
    year = {2007},
    journal = {Proceedings of the ACM Conference on Computer and Communications Security},
    author = {Juels, A.a and Kaliski Jr., B.S.b},
    pages = {584--597},
    url = {http://www.scopus.com/inward/record.url?eid=2-s2.0-74049103479&partnerID=40&md5=83cf075b3704d4fe5bfb2ccf38c39362},
    isbn = {9781595937032},
    doi = {10.1145/1315245.1315317},
    issn = {15437221},
    keywords = {proofs of knowledge, proofs of retrievability, storage security, storage systems}
}

@article{Andruiman2014,
    title = {{PoS forging algorithms: formal approach and multibranch forging}},
    year = {2014},
    author = {{andruiman}},
    pages = {1--28},
    url = {https://github.com/ConsensusResearch/articles-papers/blob/master/multibranch/multibranch.pdf},
    keywords = {blocktree, forging, pos crypto-currencies, simulation}
}

@article{Andruiman2015,
    title = {{PoS forging algorithms: multi-strategy forging and related security issues}},
    year = {2015},
    author = {{andruiman}},
    pages = {1--10},
    url = {https://github.com/ConsensusResearch/articles-papers/blob/master/multistrategy/multistrategy.pdf},
    keywords = {blocktree, forging, pos crypto-currencies, simulation, strategy}
}

@misc{Ninoa,
    title = {{Poverty}},
    author = {Nino, Florencia Soto},
    url = {http://www.un.org/sustainabledevelopment/poverty/}
}

@article{Kiayias2017a,
    title = {{PPCoin: Peer-to-Peer Crypto-Currency with Proof-of-Stake}},
    year = {2017},
    journal = {Proceedings of the 2016 ACM SIGSAC Conference on Computer and Communications Security - CCS'16},
    author = {Kiayias, Aggelos and Russell, Alexander and David, Bernardo and Oliynykov, Roman and Bentov, Iddo and Lee, Charles and Mizrahi, Alex and Rosenfeld, Meni and King, Sunny and Nadal, Scott and Gramoli, Vincent and Teutsch, Jason and Reitwie{\ss}ner, Christian and Natoli, Christopher and Gramoli, Vincent and Kokoris-kogias, Eleftherios and Jovanovic, Philipp and Gasser, Linus and Gailly, Nicolas and Ford, Bryan and Bal, Meghna and Lin, Iuon-Chang and Liao, Tzu-Chun and Li, Wenting and Sforzin, Alessandro and Fedorov, Sergey and Karame, Ghassan O. and Dinh, Tien Tuan Anh and Wang, Ji and Chen, Gang and Liu, Rui and Ooi, Beng Chin and Tan, Kian-Lee and Luu, Loi and Narayanan, Viswesh and Zheng, Chaodong and Baweja, Kunal and Gilbert, Seth and Saxena, Prateek and Conley, John P and Glaser, Florian and Arrunada, Benito and Tran, An Binh and Xu, Xiwei and Weber, Ingo and Staples, Mark and Rimba, Paul and Mcconaghy, Troy Trent and Marques, Rodolphe and M{\"{u}}ller, Andreas and De Jonghe, Dimitri and Mcconaghy, Troy Trent and Mcmullen, Greg and Henderson, Ryan and Bellemare, Sylvain and Granzotto, Alberto and Wood, Gavin and Tasca, Paolo and Thanabalasingham, Thayabaran and Tessone, Claudio J. and Croman, Kyle and Decker, Christian and Eyal, Ittay and Gencer, Adem Efe and Juels, Ari and Kosba, Ahmed and Miller, Andrew and Saxena, Prateek and Shi, Elaine and Sirer, Emin G??n and Song, Dawn and Wattenhofer, Roger and Anderson, Luke and Holz, Ralph and Ponomarev, Alexander and Rimba, Paul and Weber, Ingo and Gencer, Adem Efe and Van, Robbert and Emin, Renesse and Sirer, Gün and Yli-Huumo, Jesse and Ko, Deokyoon and Choi, Sujin and Park, Sooyong and Smolander, Kari},
    number = {January},
    pages = {1--27},
    volume = {1919},
    url = {http://peerco.in/assets/paper/peercoin-paper.pdf%0Ahttp://fc17.ifca.ai/preproceedings/paper_73.pdf%0Ahttp://arxiv.org/abs/1606.06530%0Ahttps://papers.ssrn.com/sol3/papers.cfm?abstract_id=2977811%0Ahttp://dl.acm.org/citation.cfm?doid=2976749.2978389%0Ahttp},
    isbn = {9781450349741},
    doi = {10.1017/CBO9781107415324.004},
    issn = {1098-6596},
    pmid = {25246403},
    arxivId = {1703.04057},
    keywords = {Blockchain, Ethereum, Paxos anomaly, Security, Smart Contracts, Smart contract, blockchain, code generator, distributed ledger technology, registry, smart contract}
}

@article{Castro1999,
    title = {{Practical Byzantine Fault Tolerance}},
    year = {1999},
    journal = {Proceedings ofthe Third Symposium on Operating Systems Design and Implementation},
    author = {Castro, Miguel and Liskov, Barbara},
    number = {February},
    pages = {173--186},
    isbn = {1-880446-39-1},
    doi = {10.1.1.17.7523},
    issn = {07342071},
    pmid = {380302},
    arxivId = {arXiv:1203.6049v1},
    keywords = {CSE 223B}
}

@inproceedings{Canetti2011,
    title = {{Practical delegation of computation using multiple servers}},
    year = {2011},
    booktitle = {Proceedings of the 18th ACM conference on Computer and communications security - CCS '11},
    author = {Canetti, Ran and Riva, Ben and Rothblum, Guy N.},
    pages = {445},
    publisher = {ACM Press},
    address = {New York, New York, USA},
    isbn = {9781450309486},
    doi = {10.1145/2046707.2046759},
    issn = {15437221},
    keywords = {cloud computing, verifiable computation}
}

@book{Fatima2014,
    title = {{Principles of Automated Negotiation}},
    year = {2014},
    author = {Fatima, Shaheen and Kraus, Sarit and Wooldridge, Michael},
    publisher = {Cambridge University Press},
    url = {http://ebooks.cambridge.org/ref/id/CBO9780511751691},
    address = {Cambridge},
    isbn = {9780511751691},
    doi = {10.1017/CBO9780511751691}
}

@inproceedings{Castelfranchi1998,
    title = {{Principles of trust for MAS: cognitive anatomy, social importance, and quantification}},
    year = {1998},
    booktitle = {Proceedings International Conference on Multi Agent Systems (Cat. No.98EX160)},
    author = {Castelfranchi, C. and Falcone, R.},
    pages = {72--79},
    publisher = {IEEE Comput. Soc},
    url = {http://ieeexplore.ieee.org/lpdocs/epic03/wrapper.htm?arnumber=699034},
    isbn = {0-8186-8500-X},
    doi = {10.1109/ICMAS.1998.699034}
}

@article{Langheinrich2001,
    title = {{Privacy by Design - Principles of Privacy-Aware Ubiquitous Systems}},
    year = {2001},
    journal = {Ubicomp 2001: Ubiquitous Computing},
    author = {Langheinrich, Marc},
    isbn = {3-540-42614-0},
    doi = {10.1007/3-540-45427-6{\_}23},
    issn = {03029743},
    pmid = {4520227},
    arxivId = {9780201398298},
    keywords = {Privacy}
}

@inproceedings{Petrlic2014,
    title = {{Privacy-preserving reputation management}},
    year = {2014},
    booktitle = {Proceedings of the 29th Annual ACM Symposium on Applied Computing - SAC '14},
    author = {Petrlic, Ronald and Lutters, Sascha and Sorge, Christoph},
    pages = {1712--1718},
    publisher = {ACM Press},
    url = {http://dl.acm.org/citation.cfm?doid=2554850.2554881},
    address = {New York, New York, USA},
    isbn = {9781450324694},
    doi = {10.1145/2554850.2554881},
    keywords = {anonymity, corresponding author, design a reputation system, our contribution is to, privacy protection, reputation management, that al-}
}

@misc{EthereumFoundation2018,
    title = {{Problems}},
    year = {2018},
    author = {{Ethereum Foundation}},
    url = {https://github.com/ethereum/research/wiki/Problems}
}

@misc{Herman2017,
    title = {{Programmatic Advertising Explained}},
    year = {2017},
    author = {Herman, Ian},
    url = {https://medium.com/axialx/programmatic-advertising-explained-666c52978ea5}
}

@article{Bentov2013,
    title = {{Proof of Activity}},
    year = {2013},
    journal = {ACM SIGMETRICS Performance Evaluation Review},
    author = {Bentov, Iddo and Lee, Charles and Mizrahi, Alex and Rosenfeld, Meni},
    number = {3},
    month = {12},
    pages = {34--37},
    volume = {42},
    url = {http://dl.acm.org/citation.cfm?doid=2695533.2695545}
}

@article{Wip2017,
    title = {{Proof of Replication}},
    year = {2017},
    author = {Wip, Technical Report},
    pages = {1--10}
}

@phdthesis{Logren2016,
    title = {{Proof output and machine learning for inductive theorem provers}},
    year = {2016},
    author = {Logren, Niklas and Victor, Lindhé},
    school = {Chalmers University of Technology and University of Gothenburg}
}

@incollection{Necula2002,
    title = {{Proof-Carrying Code. Design and Implementation}},
    year = {2002},
    booktitle = {Proof and System-Reliability},
    author = {Necula, George C.},
    number = {65},
    pages = {261--288},
    volume = {243},
    publisher = {Springer Netherlands},
    url = {http://www.springerlink.com/index/10.1007/978-94-010-0413-8_8},
    address = {Dordrecht},
    doi = {10.1007/978-94-010-0413-8{\_}8}
}

@misc{Google2018,
    title = {{Protocol Buffers Developer Guide}},
    year = {2018},
    author = {{Google}},
    url = {https://developers.google.com/protocol-buffers/docs/overview}
}

@inproceedings{Yao1982,
    title = {{Protocols for secure computations}},
    year = {1982},
    booktitle = {23rd Annual Symposium on Foundations of Computer Science (sfcs 1982)},
    author = {Yao, Andrew C.},
    number = {1},
    pages = {160--164},
    volume = {39},
    publisher = {IEEE},
    isbn = {5100118016},
    doi = {10.1109/SFCS.1982.38},
    issn = {00219614}
}

@misc{ProjectProvenanceLtd2016,
    title = {{Provenance | Building trust in great businesses and products}},
    year = {2016},
    author = {{Project Provenance Ltd}},
    url = {https://www.provenance.org/}
}

@misc{Burge2018,
    title = {{Pyramid Scheme}},
    year = {2018},
    author = {Burge, Michael},
    url = {http://www.michaelburge.us/2017/11/28/write-your-next-ethereum-contract-in-pyramid-scheme.html}
}

@unpublished{Jakubowski2010,
    title = {{Quantifying Trust}},
    year = {2010},
    author = {Jakubowski, Mariusz and Venkatesan, Ramarathnam and Yacobi, Yacov},
    pages = {1--9},
    institution = {Microsoft Research},
    keywords = {collaboration, trust}
}

@incollection{Ron2013,
    title = {{Quantitative Analysis of the Full Bitcoin Transaction Graph}},
    year = {2013},
    booktitle = {Lecture Notes in Computer Science (including subseries Lecture Notes in Artificial Intelligence and Lecture Notes in Bioinformatics)},
    author = {Ron, Dorit and Shamir, Adi},
    pages = {6--24},
    volume = {7859 LNCS},
    url = {http://link.springer.com/10.1007/978-3-642-39884-1_2},
    isbn = {9783642398834},
    doi = {10.1007/978-3-642-39884-1{\_}2},
    issn = {03029743},
    keywords = {bitcoin, digital coins, electronic cash, payment systems, quantitative analysis, transaction graphs}
}

@misc{Otlw2016,
    title = {{Random in Ethereum}},
    year = {2016},
    author = {{otlw}},
    url = {http://otlw.co/2016/06/29/random-in-ethereum.html}
}

@inproceedings{Bellare1993,
    title = {{Random oracles are practical}},
    year = {1993},
    booktitle = {Proceedings of the 1st ACM conference on Computer and communications security - CCS '93},
    author = {Bellare, Mihir and Rogaway, Phillip},
    pages = {62--73},
    publisher = {ACM Press},
    url = {http://portal.acm.org/citation.cfm?doid=168588.168596},
    address = {New York, New York, USA},
    isbn = {0897916298},
    doi = {10.1145/168588.168596}
}

@unpublished{Moran2016,
    title = {{Rational Proofs of Space-Time}},
    year = {2016},
    booktitle = {IACR Cryptology ePrint Archive},
    author = {Moran, Tal and Orlov, Ilan},
    number = {1790},
    pages = {35},
    volume = {2016},
    url = {http://dblp.uni-trier.de/db/journals/iacr/iacr2016.html#MoranO16}
}

@inproceedings{Pontiveros2018,
    title = {{Recycling Smart Contracts: Compression of the Ethereum Blockchain}},
    year = {2018},
    booktitle = {2018 9th IFIP International Conference on New Technologies, Mobility and Security, NTMS 2018},
    author = {Pontiveros, Beltran Borja Fiz and Norvill, Robert and State, Radu},
    pages = {1--5},
    volume = {January},
    isbn = {9781538636626},
    doi = {10.1109/NTMS.2018.8328742}
}

@article{Canetti2013,
    title = {{Refereed delegation of computation}},
    year = {2013},
    journal = {Information and Computation},
    author = {Canetti, Ran and Riva, Ben and Rothblum, Guy N.},
    month = {5},
    pages = {16--36},
    volume = {226},
    publisher = {Elsevier Inc.},
    doi = {10.1016/j.ic.2013.03.003},
    issn = {08905401},
    keywords = {Delegation of Computation, Refereed Games, Verifiable Computation}
}

@article{Thompson1995,
    title = {{Reflections on trusting trust revisited}},
    year = {1995},
    journal = {Communications of the ACM},
    author = {Thompson, Ken},
    number = {6},
    pages = {112},
    volume = {46},
    isbn = {1581134118},
    doi = {10.1145/777313.777347},
    issn = {00010782},
    arxivId = {20}
}

@article{Cumming2012,
    title = {{Regulatory induced performance persistence: Evidence from hedge funds}},
    year = {2012},
    journal = {Journal of Corporate Finance},
    author = {Cumming, Douglas and Dai, Na and Ha{\textbackslash}s s, Lars Helge and Schweizer, Denis},
    number = {5},
    pages = {1005–1022},
    volume = {18}
}

@misc{Ethereum2017c,
    title = {{Remix - Solidity IDE}},
    year = {2017},
    author = {{Ethereum}},
    url = {https://remix.ethereum.org/#version=soljson-v0.4.11+commit.68ef5810.js}
}

@inproceedings{Odell2001,
    title = {{Representing agent interaction protocols in UML}},
    year = {2001},
    booktitle = {Lecture Notes in Computer Science (including subseries Lecture Notes in Artificial Intelligence and Lecture Notes in Bioinformatics)},
    author = {Odell, James J. and Van Dyke Parunak, H. and Bauer, Bernhard},
    pages = {121--140},
    volume = {1957 LNCS},
    isbn = {3540415947},
    doi = {10.1007/3-540-44564-1{\_}8},
    issn = {03029743}
}

@article{Hendrikx2015,
    title = {{Reputation systems: A survey and taxonomy}},
    year = {2015},
    journal = {Journal of Parallel and Distributed Computing},
    author = {Hendrikx, Ferry and Bubendorfer, Kris and Chard, Ryan},
    month = {1},
    pages = {184--197},
    volume = {75},
    publisher = {Elsevier Inc.},
    url = {http://dx.doi.org/10.1016/j.jpdc.2014.08.004 http://linkinghub.elsevier.com/retrieve/pii/S0743731514001464},
    isbn = {07437315},
    doi = {10.1016/j.jpdc.2014.08.004},
    issn = {07437315},
    keywords = {Feedback, Reputation system, Survey, Taxonomy}
}

@article{Sabater2005,
    title = {{Review on computational trust and reputation models}},
    year = {2005},
    journal = {Artificial Intelligence Review},
    author = {Sabater, Jordi and Sierra, Carles},
    number = {1},
    pages = {33--60},
    volume = {24},
    doi = {10.1007/s10462-004-0041-5},
    keywords = {Reputation, Trust}
}

@misc{Golovach2018,
    title = {{Rholang Correct-by-Construction}},
    year = {2018},
    author = {Golovach, Ivan},
    url = {https://github.com/golovach-ivan/Correct-by-Construction}
}

@article{Noether2016,
    title = {{Ring Confidential Transactions}},
    year = {2016},
    journal = {Ledger},
    author = {Noether, Shen and Mackenzie, Adam and Research Lab, The Monero},
    doi = {10.5195/LEDGER.2016.34},
    issn = {2379-5980}
}

@incollection{Armknecht2015,
    title = {{Ripple: Overview and Outlook}},
    year = {2015},
    booktitle = {Lecture Notes in Computer Science},
    author = {Armknecht, Frederik and Karame, Ghassan O. and Mandal, Avikarsha and Youssef, Franck and Zenner, Erik},
    pages = {163--180},
    volume = {9229},
    isbn = {9783319228457},
    doi = {10.1007/978-3-319-22846-4{\_}10},
    issn = {16113349},
    keywords = {Bitcoin, Forks, Ripple, Security}
}

@unpublished{Lerner2015,
    title = {{RSK white paper}},
    year = {2015},
    author = {Lerner, Sergio Demian}
}

@inproceedings{Kyas2008,
    title = {{Run-Time Monitoring of Electronic Contracts}},
    year = {2008},
    booktitle = {Automated Technology for Verification and Analysis. ATVA 2008.},
    author = {Kyas, Marcel and Prisacariu, Cristian and Schneider, Gerardo},
    number = {2},
    pages = {397--407},
    url = {http://link.springer.com/10.1007/978-3-540-88387-6_34},
    doi = {10.1007/978-3-540-88387-6{\_}34}
}

@unpublished{Sergey2018,
    title = {{Scilla: a Smart Contract Intermediate-Level LAnguage}},
    year = {2018},
    author = {Sergey, Ilya and Kumar, Amrit and Hobor, Aquinas},
    url = {http://arxiv.org/abs/1801.00687},
    arxivId = {1801.00687}
}

@misc{BitcoinWiki2018Script,
    title = {{Script}},
    year = {2018},
    author = {{Bitcoin Wiki}},
    url = {https://en.bitcoin.it/wiki/Script#Opcodes}
}

@book{Seijas2017,
    title = {{Scripting smart contracts for distributed ledger technology}},
    year = {2017},
    booktitle = {Lecture Notes in Computer Science},
    author = {Seijas, Pablo Lamela and Thompson, Simon and McAdams, Darryl},
    editor = {Brenner, Michael and Rohloff, Kurt and Bonneau, Joseph and Miller, Andrew and Ryan, Peter Y.A. and Teague, Vanessa and Bracciali, Andrea and Sala, Massimiliano and Pintore, Federico and Jakobsson, Markus},
    pages = {631--632},
    series = {Lecture Notes in Computer Science},
    volume = {10323},
    publisher = {Springer International Publishing},
    url = {http://link.springer.com/10.1007/978-3-319-70278-0},
    address = {Cham},
    isbn = {978-3-319-70277-3},
    doi = {10.1007/978-3-319-70278-0},
    issn = {16113349}
}

@article{Zhang,
    title = {{Sealed-Glass Proofs : Using Transparent Enclaves to Prove and Sell Knowledge}},
    year = {2016},
    journal = {Cryptology ePrint Archive, Report 2015/635},
    author = {Zhang, Fan and Lin, Huang and Hubaux, Jean-pierre and Juels, Ari and Shi, Elaine and Tech, Cornell}
}

@unpublished{Tsankov2017,
    title = {{Securify: Practical Security Analysis of Smart Contracts}},
    year = {2017},
    author = {Tsankov, Petar and Dan, Andrei and Drachsler-Cohen, Dana and Gervais, Arthur and B{\"{u}}nzli, Florian and Vechev, Martin},
    number = {July},
    arxivId = {arXiv:1806.01143v1}
}

@inproceedings{Olmedilla2005,
    title = {{Security and Trust Issues in Semantic Grids}},
    year = {2006},
    booktitle = {Proceedings of the Dagstuhl Seminar, Semantic Grid: The Convergence of Technologies},
    author = {Olmedilla, Daniel and Rana, Omer F and Matthews, Brian and Nejdl, Wolfgang},
    pages = {191 - 200},
    publisher = {Internationales Begegnungs- und Forschungszentrum f{\"{u}}r Informatik (IBFI), Schloss Dagstuhl, Germany},
    doi = {10.1.1.184.2197},
    issn = {1862-4405}
}

@inproceedings{Leiding2016,
    title = {{Self-managed and blockchain-based vehicular ad-hoc networks}},
    year = {2016},
    booktitle = {Proceedings of the 2016 ACM International Joint Conference on Pervasive and Ubiquitous Computing Adjunct - UbiComp '16},
    author = {Leiding, Benjamin and Memarmoshrefi, Parisa and Hogrefe, Dieter},
    pages = {137--140},
    publisher = {ACM Press},
    url = {http://dl.acm.org/citation.cfm?doid=2968219.2971409},
    address = {New York, New York, USA},
    isbn = {9781450344623},
    doi = {10.1145/2968219.2971409},
    keywords = {Blockchain, Ethereum, Self-managed VANET}
}

@article{Stefanescu2016,
    title = {{Semantics-based program verifiers for all languages}},
    year = {2016},
    journal = {ACM SIGPLAN Notices},
    author = {Stef{\u{a}}nescu, Andrei and Park, Daejun and Yuwen, Shijiao and Li, Yilong and Ro{\c{s}}u, Grigore},
    number = {10},
    pages = {74--91},
    volume = {51},
    url = {http://dl.acm.org/citation.cfm?doid=3022671.2984027},
    isbn = {9781450344449},
    doi = {10.1145/3022671.2984027},
    issn = {03621340},
    keywords = {languages, theory, verification}
}

@article{Gommerstadt2018,
    title = {{Session-typed concurrent contracts}},
    year = {2018},
    journal = {Lecture Notes in Computer Science (including subseries Lecture Notes in Artificial Intelligence and Lecture Notes in Bioinformatics)},
    author = {Gommerstadt, Hannah and Jia, Limin and Pfenning, Frank},
    pages = {771--798},
    volume = {10801 LNCS},
    isbn = {9783319898834},
    doi = {10.1007/978-3-319-89884-1{\_}27},
    issn = {16113349},
    keywords = {Contracts, Monitors, Session types}
}

@techreport{EYGlobalFinancialServicesInstitute2015,
    title = {{Sharing ledgers for sharing economies: an exploration of mutual distributed ledgers (aka blockchain technology)}},
    year = {2015},
    booktitle = {The Journal of Financial Perspectives: FinTech},
    author = {{EY Global Financial Services Institute}},
    number = {3},
    pages = {1--47},
    volume = {3}
}

@article{Slavutskaya2013,
    title = {{Short-term hedge fund performance}},
    year = {2013},
    journal = {Journal of Banking {\&} Finance},
    author = {Slavutskaya, Anna},
    number = {11},
    pages = {4404–4431},
    volume = {37}
}

@article{OConnor2017,
    title = {{Simplicity: A New Language for Blockchains}},
    year = {2017},
    author = {O'Connor, Russell},
    pages = {1--34},
    url = {http://arxiv.org/abs/1711.03028%0Ahttp://dx.doi.org/10.1145/3139337.3139340},
    isbn = {9781450350990},
    doi = {10.1145/3139337.3139340},
    arxivId = {1711.03028}
}

@article{Rasmusson1996,
    title = {{Simulated social control for secure Internet commerce}},
    year = {1996},
    journal = {Proceedings of the 1996 workshop on New security paradigms - NSPW '96},
    author = {Rasmusson, Lars and Jansson, Sverker},
    pages = {18--25},
    doi = {10.1145/304851.304857}
}

@unpublished{Goertzel2017,
    title = {{SingularityNET : A decentralized , open market and inter-network for AIs}},
    year = {2017},
    author = {Goertzel, Ben and Giacomelli, Simone and Hanson, David and Pennachin, Cassio and Argentieri, Marco},
    pages = {1--52},
    url = {https://public.singularitynet.io/whitepaper.pdf}
}

@inproceedings{Kerr2009,
    title = {{Smart Cheaters Do Prosper : Defeating Trust and Reputation Systems}},
    year = {2009},
    booktitle = {Proceedings of The 8th International Conference on Autonomous Agents and Multiagent Systems},
    author = {Kerr, Reid and Cohen, Robin},
    pages = {993--1000},
    address = {Budapest, Hungary},
    isbn = {9780981738178},
    keywords = {electronic marketplaces, trust reputation}
}

@misc{Pilav2018,
    title = {{Smart contract code: when what you don’t write is as important as what you do}},
    year = {2018},
    booktitle = {DAML series},
    author = {Pilav, Darko and Villiger, Silvan},
    url = {https://medium.com/daml-driven/smart-contract-code-when-what-you-dont-write-is-as-important-as-what-you-do-d11725a9fb4}
}

@misc{Bleikertz2018,
    title = {{Smart contract language: the real arbiter of truth?}},
    year = {2018},
    booktitle = {DAML series},
    author = {Bleikertz, Sören},
    url = {https://medium.com/daml-driven/smart-contract-language-the-real-arbiter-of-truth-efe833031ca1}
}

@article{Clack2016,
    title = {{Smart Contract Templates: foundations, design landscape and research directions}},
    year = {2016},
    author = {Clack, Christopher D. and Bakshi, Vikram A. and Braine, Lee},
    month = {8},
    pages = {1--15},
    url = {http://arxiv.org/abs/1608.00771},
    arxivId = {1608.00771}
}

@incollection{Velner2017,
    title = {{Smart Contracts Make Bitcoin Mining Pools Vulnerable}},
    year = {2017},
    booktitle = {Lecture Notes in Computer Science (including subseries Lecture Notes in Artificial Intelligence and Lecture Notes in Bioinformatics)},
    author = {Velner, Yaron and Teutsch, Jason and Luu, Loi},
    editor = {Brenner, Michael and Rohloff, Kurt and Bonneau, Joseph and Miller, Andrew and Ryan, Peter Y.A. and Teague, Vanessa and Bracciali, Andrea and Sala, Massimiliano and Pintore, Federico and Jakobsson, Markus},
    pages = {298--316},
    series = {Lecture Notes in Computer Science},
    volume = {10323},
    publisher = {Springer International Publishing},
    address = {Cham},
    isbn = {978-3-319-70277-3},
    doi = {10.1007/978-3-319-70278-0{\_}19},
    issn = {16113349}
}

@unpublished{Gupta,
    title = {{Smart contracts. Real property.}},
    year = {2018},
    author = {Gupta, Vinay and Knight, Rob and Buchanan, Aeron and Wray, Christopher and Grigg, Ian and Kuhlman, Casey and Cimpoesu, Mihai and Mainelli, Michael and Freedman, Clive}
}

@article{Wohrer2018,
    title = {{Smart contracts: Security patterns in the ethereum ecosystem and solidity}},
    year = {2018},
    journal = {2018 IEEE 1st International Workshop on Blockchain Oriented Software Engineering, IWBOSE 2018 - Proceedings},
    author = {Wohrer, Maximilian and Zdun, Uwe},
    pages = {2--8},
    volume = {2018-Janua},
    isbn = {9781538659861},
    doi = {10.1109/IWBOSE.2018.8327565}
}

@techreport{Mueller2018,
    title = {{Smashing Ethereum Smart Contracts for Fun and Real Profit}},
    year = {2018},
    author = {Mueller, Bernhard},
    pages = {1--54},
    isbn = {0000000000000}
}

@article{Bessi2016,
    title = {{Social bots distort the 2016 U.S. Presidential election online discussion}},
    year = {2016},
    journal = {First Monday},
    author = {Bessi, Alessandro and Ferrara, Emilio},
    number = {11},
    month = {11},
    pages = {1--15},
    volume = {21},
    doi = {10.5210/fm.v21i11.7090},
    issn = {13960466}
}

@article{Abramson2000,
    title = {{Socially responsible investing: Viable for value investors?}},
    year = {2000},
    journal = {The Journal of Investing},
    author = {Abramson, Lorne and Chung, Dan},
    pages = {73--80},
    volume = {9.3}
}

@incollection{Sparkes2008,
    title = {{Socially Responsible Investment}},
    year = {2008},
    author = {Sparkes, Russell},
    publisher = {John Wiley {\&} Sons, Inc.},
    url = {http://dx.doi.org/10.1002/9780470404324.hof002014},
    isbn = {978-0-470-40432-4}
}

@article{Genesereth1994,
    title = {{Software agents}},
    year = {1994},
    journal = {Communications of the ACM},
    author = {Genesereth, Michael R. and Ketchpel, Steven P.},
    number = {7},
    month = {7},
    pages = {48-ff.},
    volume = {37},
    url = {http://portal.acm.org/citation.cfm?doid=176789.176794},
    doi = {10.1145/176789.176794},
    issn = {00010782}
}

@misc{Ethereum2018Solidity,
    title = {{Solidity 0.4.24 documentation}},
    year = {2018},
    author = {{Ethereum Foundation}},
    url = {https://solidity.readthedocs.io/en/develop/}
}

@inproceedings{Rocha2017,
    title = {{Solidity Parsing Using SmaCC}},
    year = {2017},
    booktitle = {Proceedings of the 12th edition of the International Workshop on Smalltalk Technologies - IWST '17},
    author = {Rocha, Henrique and Ducasse, Stéphane and Denker, Marcus and Lecerf, Jason},
    pages = {1--9},
    publisher = {ACM Press},
    url = {http://dl.acm.org/citation.cfm?doid=3139903.3139906},
    address = {New York, New York, USA},
    isbn = {9781450355544},
    doi = {10.1145/3139903.3139906},
    keywords = {blockchain, ethereum, parser, smacc, solidity}
}

@misc{Zamfir2017,
    title = {{Some thoughts on blockchain governance}},
    year = {2017},
    author = {Zamfir, Vlad},
    url = {https://medium.com/@Vlad_Zamfir/some-thoughts-on-blockchain-governance-4b88e63d4e64}
}

@article{Can2013,
    title = {{SORT: A Self-ORganizing Trust Model for Peer-to-Peer Systems}},
    year = {2013},
    journal = {IEEE Transactions on Dependable and Secure Computing},
    author = {Can, Ahmet Burak and Bhargava, Bharat},
    number = {1},
    month = {1},
    pages = {14--27},
    volume = {10},
    doi = {10.1109/TDSC.2012.74},
    issn = {1545-5971}
}

@techreport{SovrinFoundation2018,
    title = {{Sovrin: A Protocol and Token for Self- Sovereign Identity and Decentralized Trust}},
    year = {2018},
    author = {{Sovrin Foundation}},
    number = {January},
    pages = {1--41}
}

@inproceedings{Alberti2004,
    title = {{Specification and verification of agent interaction protocols in a logic-based system}},
    year = {2004},
    booktitle = {Proceedings of the 2004 ACM Symposium on Applied Computing - SAC '04},
    author = {Alberti, Marco and Daolio, Davide and Torroni, Paolo and Gavanelli, Marco and Lamma, Evelina and Mello, Paola},
    pages = {72},
    publisher = {ACM Press},
    url = {http://portal.acm.org/citation.cfm?doid=967900.967918},
    address = {New York, New York, USA},
    isbn = {1581138121},
    doi = {10.1145/967900.967918},
    keywords = {agents, computational logic, verification}
}

@article{Sulzmann,
    title = {{Specifying and Controlling Agents in Haskell}},
    journal = {Citeseer},
    author = {Sulzmann, Martin and Lam, E.S.L.},
    url = {http://citeseerx.ist.psu.edu/viewdoc/download?doi=10.1.1.115.2601&amp;rep=rep1&amp;type=pdf}
}

@article{Michael2010,
    title = {{Specifying and monitoring economic environments using rights and obligations}},
    year = {2010},
    journal = {Autonomous Agents and Multi-Agent Systems},
    author = {Michael, Loizos and Parkes, David C and Pfeffer, Avi},
    number = {2},
    month = {3},
    pages = {158--197},
    volume = {20},
    doi = {10.1007/s10458-009-9089-6},
    issn = {1387-2532},
    keywords = {electronic transactions, market semantics, obligations, rights}
}

@article{Artikis2009,
    title = {{Specifying norm-governed computational societies}},
    year = {2009},
    journal = {ACM Transactions on Computational Logic},
    author = {Artikis, Alexander and Sergot, Marek and Pitt, Jeremy},
    number = {1},
    pages = {1--42},
    volume = {10},
    url = {http://portal.acm.org/citation.cfm?doid=1459010.1459011},
    doi = {10.1145/1459010.1459011},
    issn = {15293785},
    keywords = {Knowledge Representation, Mathematical Logic- Computational logic}
}

@article{Sompolinsky2017,
    title = {{SPECTRE: A Fast and Scalable Cryptocurrency Protocol}},
    year = {2017},
    journal = {Iacr},
    author = {Sompolinsky, Yonatan and Lewenberg, Yoad and Zohar, Aviv},
    pages = {1--71},
    url = {https://allquantor.at/blockchainbib/pdf/sompolinsky2016spectre.pdf}
}

@article{AvivZohar2016,
    title = {{SPECTRE: Serialization of Proof-of-Work Events, Confirming Transactions via Recursive Elections}},
    year = {2016},
    journal = {Medium},
    author = {{Aviv Zohar}},
    url = {https://eprint.iacr.org/2016/1159.pdf%0Ahttps://medium.com/@avivzohar/the-spectre-protocol-7dbbebb707b5}
}

@misc{JeffColeman2015,
    title = {{State Channels - an explanation}},
    year = {2015},
    author = {Coleman, Jeff},
    url = {http://www.jeffcoleman.ca/state-channels/}
}

@incollection{B2017,
    title = {{Step by Step Towards Creating a Safe Smart Contract: Lessons and Insights from a Cryptocurrency Lab}},
    year = {2016},
    author = {Delmolino, Kevin and Arnett, Mitchell and Kosba, Ahmed and Miller, Andrew and Shi, Elaine},
    pages = {79--94},
    volume = {9603},
    url = {http://link.springer.com/10.1007/978-3-662-54970-4 http://link.springer.com/10.1007/978-3-662-53357-4_6},
    isbn = {978-3-662-54969-8},
    doi = {10.1007/978-3-662-53357-4{\_}6},
    issn = {0302-9743},
    pmid = {4520227},
    arxivId = {arXiv:1311.0243}
}

@article{Satterthwaite1975,
    title = {{Strategy-proofness and Arrow's conditions: Existence and correspondence theorems for voting procedures and social welfare functions}},
    year = {1975},
    journal = {Journal of Economic Theory},
    author = {Satterthwaite, Mark Allen},
    number = {2},
    pages = {187--217},
    volume = {10},
    doi = {10.1016/0022-0531(75)90050-2},
    issn = {10957235}
}

@unpublished{Cerutti2013,
    title = {{Subjective Logic Operators in Trust Assessment: an Empirical Study}},
    year = {2013},
    author = {Cerutti, Federico and Toniolo, Alice and Oren, Nir and Norman, Timothy J},
    month = {11},
    url = {http://arxiv.org/abs/1312.4828},
    arxivId = {1312.4828},
    keywords = {information fusion, trust and reputation}
}

@inproceedings{Abdul-Rahman2000,
    title = {{Supporting trust in virtual communities}},
    year = {2000},
    booktitle = {Proceedings of the 33rd Hawaii International Conference on System Sciences - Volume 6},
    author = {Abdul-Rahman, Alfarez and Hailes, Stephen},
    pages = {6007},
    publisher = {IEEE Computer Society},
    address = {Washington, DC, USA},
    isbn = {0-7695-0493-0},
    doi = {10.1109/HICSS.2000.926814},
    issn = {1530-1605},
    keywords = {Absorption, Business, Counterfeiting, Cultural differences, Electrical capacitance tomography, Humans, Information security, Problem-solving, Radio access networks, Uncertainty, distrust, risk taking, social sciences computing, trust, uncertainty, virtual communities, virtual reality}
}

@misc{UnitedNations2016,
    title = {{Sustainable development goals - United Nations}},
    year = {2016},
    author = {{United Nations}},
    url = {http://www.un.org/sustainabledevelopment/sustainable-development-goals/}
}

@article{Setty2012,
    title = {{Taking Proof-Based Verified Computation a Few Steps Closer to Practicality}},
    year = {2012},
    journal = {{\{}USENIX{\}} Security Symposium},
    author = {Setty, Srinath T V and Vu, Victor and Panpalia, Nikhil and Braun, Benjamin and Blumberg, Andrew J and Walfish, Michael},
    pages = {253--268},
    isbn = {978-931971-95-9}
}

@article{F.Dapp2015,
    title = {{Talking point Blockchain – attack is probably the best form of defence}},
    year = {2015},
    author = {F. Dapp, Thomas and Karollus, Alexander},
    pages = {1--2},
    url = {https://www.dbresearch.com/PROD/DBR_INTERNET_EN-PROD/PROD0000000000359046.pdf},
    keywords = {Bitcoin: Banking, Blockchain, Cryptocurrency, Fintech}
}

@article{Briggs2016,
    title = {{Tech Trends 2016}},
    year = {2016},
    journal = {Deloitte University Press},
    author = {Briggs, Bill and Foutty, Jannet and Hodgetts, Craig},
    pages = {4 - 20},
    isbn = {00390895},
    issn = {00390895},
    pmid = {1753956740}
}

@unpublished{Bentov2017Tesseract,
    title = {{Tesseract: Real-Time Cryptocurrency Exchange using Trusted Hardware}},
    year = {2017},
    author = {Bentov, Iddo and Ji, Yan and Zhang, Fan and Li, Yunqi and Xueyuan, Sjtu and Sjtu, Zhao and Breidenbach, Lorenz and Daian, Philip and Juels, Ari},
    url = {http://www.cs.cornell.edu/~iddo/RTExchSGX.pdf}
}

@misc{Simonite2016,
    title = {{The Autonomous Corporation Called the DAO Is Not a Good Way to Spend {\$}130 Million}},
    year = {2016},
    author = {Simonite, Tom},
    url = {https://www.technologyreview.com/s/601480/the-autonomous-corporation-called-the-dao-is-not-a-good-way-to-spend-130-million/}
}

@article{Natoli2016,
    title = {{The Balance Attack Against Proof-Of-Work Blockchains: The R3 Testbed as an Example}},
    year = {2016},
    author = {Natoli, Christopher and Gramoli, Vincent},
    month = {12},
    url = {http://arxiv.org/abs/1612.09426},
    arxivId = {1612.09426},
    keywords = {chernoff bounds, ethereum, ghost, proof-of-work}
}

@incollection{Garay2015,
    title = {{The Bitcoin Backbone Protocol: Analysis and Applications}},
    year = {2015},
    author = {Garay, Juan and Kiayias, Aggelos and Leonardos, Nikos},
    editor = {Oswald, Elisabeth and Fischlin, Marc},
    number = {June 2017},
    pages = {281--310},
    series = {Lecture Notes in Computer Science},
    volume = {9057},
    publisher = {Springer Berlin Heidelberg},
    url = {http://link.springer.com/10.1007/978-3-662-46803-6_10},
    address = {Berlin, Heidelberg},
    isbn = {978-3-662-46802-9},
    doi = {10.1007/978-3-662-46803-6{\_}10}
}

@techreport{Poon2016,
    title = {{The Bitcoin Lightning Network: Scalable Off-Chain Instant Payments}},
    year = {2016},
    author = {Poon, Joseph and Dryja, Thaddeus},
    pages = {59},
    url = {https://lightning.network/lightning-network-paper.pdf}
}

@inproceedings{Xu2016,
    title = {{The Blockchain as a Software Connector}},
    year = {2016},
    booktitle = {2016 13th Working IEEE/IFIP Conference on Software Architecture (WICSA)},
    author = {Xu, Xiwei and Pautasso, Cesare and Zhu, Liming and Gramoli, Vincent and Ponomarev, Alexander and Tran, An Binh and Chen, Shiping},
    month = {4},
    pages = {182--191},
    publisher = {IEEE},
    url = {http://ieeexplore.ieee.org/document/7516828/},
    isbn = {978-1-5090-2131-4},
    doi = {10.1109/WICSA.2016.21},
    keywords = {Architecture connector, Blockchain, Design, Trade-off}
}

@unpublished{Mattila2016,
    title = {{The Blockchain Phenomenon: The Disruptive Potential of Distributed Consensus Architectures}},
    year = {2016},
    author = {Mattila, Juri},
    pages = {1--26},
    institution = {The Research Institute of the Finnish Economy (ETLA)}
}

@article{Christopher2016,
    title = {{The Bridging Model: Exploring the Roles of Trust and Enforcement in Banking, Bitcoin, and the Blockchain}},
    year = {2016},
    author = {Christopher, Catherine Martin},
    pages = {1--28},
    url = {http://www.citris-uc.org/files/Jan Rabaey MicroscopicWireless.pdf%5Cnpapers2://publication/uuid/D75BC1C2-70D3-4859-8586-EE4464814E84},
    isbn = {9781933890951}
}

@inproceedings{Calvaresi2017,
    title = {{The challenge of real-time multi-agent systems for enabling IoT and CPS}},
    year = {2017},
    booktitle = {Proceedings of the International Conference on Web Intelligence - WI '17},
    author = {Calvaresi, Davide and Marinoni, Mauro and Sturm, Arnon and Schumacher, Michael and Buttazzo, Giorgio},
    pages = {356--364},
    publisher = {ACM Press},
    url = {http://dl.acm.org/citation.cfm?doid=3106426.3106518},
    address = {New York, New York, USA},
    isbn = {9781450349512},
    doi = {10.1145/3106426.3106518},
    keywords = {-  Computing methodologies  ->  Distributed artifi, Intelligent agents, agent systems, all or part of, cps, iot, mas negotiation timing compliant, multi-agent systems, or, or hard copies of, permission to make digital, real-time multi-, real-time systems, this work for personal}
}

@unpublished{Microsoft2017,
    title = {{The Coco Framework - Technical Overview}},
    year = {2017},
    author = {{Microsoft}}
}

@article{Smith1980,
    title = {{The Contract Net Protocol: High-Level Communication and Control in a Distributed Problem Solver}},
    year = {1980},
    journal = {IEEE Transactions on Computers},
    author = {Smith, Reid},
    number = {12},
    month = {12},
    pages = {1104--1113},
    volume = {C-29},
    url = {http://ieeexplore.ieee.org/document/1675516/},
    doi = {10.1109/TC.1980.1675516},
    issn = {0018-9340}
}

@techreport{Lundy2018,
    title = {{The Convergence Ecosystem}},
    year = {2018},
    author = {Lundy, Lawrence and John, Joel and McLaverty, Harry and Noor, Shaquile},
    pages = {31},
    url = {https://outlierventures.io/wp-content/uploads/2018/03/OV_TCESR_001_SCREEN_med.pdf}
}

@misc{ElIsa2017,
    title = {{The Difference Between Protocol Tokens and Traditional Asset Tokens}},
    year = {2017},
    author = {El Isa, Mona},
    url = {https://medium.com/@melonproject/the-difference-between-protocol-tokens-and-traditional-asset-tokens-89e0a9dcf4d1}
}

@article{Miller2003,
    title = {{The Digital Path: Smart Contracts and the Third World}},
    year = {2003},
    journal = {Markets, Information and Communication},
    author = {Miller, Mark S and Stiegler, Marc},
    pages = {63--88},
    url = {https://www.taylorfrancis.com/books/9780203180419},
    isbn = {9788799500826},
    doi = {10.4324/9780203180419{\_}chapter{\_}3}
}

@techreport{EuropeanSecurtiesandMarketsAuthority2016,
    title = {{The Distributed Ledger Technology Applied to Securities Markets}},
    year = {2016},
    booktitle = {European Securties and Markets Authority},
    author = {{European Securties and Markets Authority}},
    number = {June},
    url = {https://www.esma.europa.eu/sites/default/files/library/2016-773_dp_dlt_0.pdf},
    isbn = {9781921253539},
    doi = {10.1016/j.yexmp.2014.03.001},
    issn = {1096-0945},
    pmid = {24632130}
}

@techreport{ErnstYoung2015,
    title = {{The Dynamics of the Hedge Fund Industry}},
    year = {2015},
    author = {{Ernst {\&} Young}},
    pages = {36},
    url = {http://www.ey.com/Publication/vwLUAssets/ey-2015-global-hedge-fund-and-investor-survey/$FILE/ey-2015-global-hedge-fund-and-investor-survey.pdf},
    keywords = {hedge fund}
}

@article{Raithel2015,
    title = {{The effects of corporate reputation perceptions of the general public on shareholder value.}},
    year = {2015},
    journal = {Strategic Management Journal},
    author = {Raithel, Sascha and Schwaiger, Manfred},
    pages = {945--956},
    volume = {36.6}
}

@inproceedings{Kamvar2003,
    title = {{The Eigentrust algorithm for reputation management in P2P networks}},
    year = {2003},
    booktitle = {Proceedings of the twelfth international conference on World Wide Web - WWW '03},
    author = {Kamvar, Sepandar D and Schlosser, Mario T and Garcia-Molina, Hector},
    pages = {640},
    publisher = {ACM Press},
    url = {http://portal.acm.org/citation.cfm?doid=775152.775242},
    address = {New York, New York, USA},
    isbn = {1581136803},
    doi = {10.1145/775152.775242},
    keywords = {distributed eigenvector computation, peer-to-peer, reputation}
}

@article{Graham1963,
    title = {{The Future of Financial Analysis}},
    year = {1963},
    journal = {Financial Analysts Journal},
    author = {Graham, Benjamin},
    number = {3},
    pages = {65--70},
    volume = {19}
}

@misc{ReidHoffman2014,
    title = {{The Future of the Bitcoin Ecosystem and “Trustless Trust” – Why I Invested in Blockstream | Reid Hoffman | Pulse | LinkedIn}},
    year = {2014},
    author = {{Reid Hoffman}},
    url = {https://www.linkedin.com/pulse/20141117154558-1213-the-future-of-the-bitcoin-ecosystem-and-trustless-trust-why-i-invested-in-blockstream}
}

@misc{Colony2015,
    title = {{The Future of Work}},
    year = {2015},
    author = {{Colony}},
    url = {https://blog.colony.io/the-future-of-work-cf99211e7ac4#.nsm29c621}
}

@article{Miller2016a,
    title = {{The Honey Badger of BFT Protocols}},
    year = {2016},
    journal = {Proceedings of the 2016 ACM SIGSAC Conference on Computer and Communications Security - CCS'16},
    author = {Miller, Andrew and Xia, Yu and Croman, Kyle and Shi, Elaine and Song, Dawn},
    number = {Section 3},
    pages = {31--42},
    url = {http://dl.acm.org/citation.cfm?doid=2976749.2978399},
    isbn = {9781450341394},
    doi = {10.1145/2976749.2978399},
    issn = {15437221}
}

@article{Mainelli2016,
    title = {{The Impact and Potential of Block chain on the Securities Transaction Lifecycle}},
    year = {2016},
    journal = {Swift Institute Working Paper},
    author = {Mainelli, Michael and Milne, Alistair},
    pages = {81},
    volume = {2015-007},
    keywords = {Bitcoin, Open source software, databases, distributed ledgers, fintech, securities settlement}
}

@article{Mainelli2016a,
    title = {{The Impact and Potential of Blockchain on the Securities Transaction Lifecycle}},
    year = {2016},
    journal = {SWIFT Institute Working Paper No. 2015-007},
    author = {Mainelli, Michael and Milne, Alistair},
    url = {http://ssrn.com/abstract=2777404}
}

@misc{Angus1999,
    title = {{The innovator's dilemma: When new technologies cause great firms to fail by Clayton Christensen}},
    year = {1999},
    booktitle = {International Electronic Journal for Leadership in Learning},
    author = {Angus, Catherine L.},
    volume = {3},
    isbn = {0875845851},
    doi = {9781422196021},
    issn = {12069620},
    pmid = {19735959},
    arxivId = {0836919483}
}

@article{Goldwasser1989,
    title = {{The Knowledge Complexity of Interactive Proof Systems}},
    year = {1989},
    journal = {SIAM Journal on Computing},
    author = {Goldwasser, Shafi and Micali, Silvio and Rackoff, Charles},
    number = {1},
    month = {2},
    pages = {186--208},
    volume = {18},
    url = {http://epubs.siam.org/doi/10.1137/0218012},
    doi = {10.1137/0218012},
    issn = {0097-5397}
}

@article{Team2018,
    title = {{The Mathematical Specification of the Statebox Language}},
    year = {2018},
    author = {Team, The Statebox},
    url = {statebox.org}
}

@misc{Buterin2017,
    title = {{The Meaning of Decentralization}},
    year = {2017},
    author = {Buterin, Vitalik},
    url = {https://medium.com/@VitalikButerin/the-meaning-of-decentralization-a0c92b76a274#.g8h4r53zr}
}

@misc{Rao2013,
    title = {{The Mother of All Disruptions}},
    year = {2013},
    author = {Rao, Venkatesh},
    url = {https://www.ribbonfarm.com/2013/10/11/the-mother-of-all-disruptions/}
}

@article{doguet2012nature,
    title = {{The Nature of the Form: Legal and Regulatory Issues Surrounding the Bitcoin Digital Currency System}},
    year = {2013},
    journal = {Louisiana Law Review},
    author = {Doguet, Joshua J},
    number = {4},
    pages = {9},
    volume = {73},
    publisher = {HeinOnline}
}

@misc{Huschenbett2018,
    title = {{The only valid smart contract is a voluntary one - easier said than done}},
    year = {2018},
    booktitle = {DAML series},
    author = {Huschenbett, Martin and Berthold, Jost},
    url = {https://medium.com/daml-driven/the-only-valid-smart-contract-is-a-voluntary-one-easier-said-than-done-726df37c04c}
}

@unpublished{Popejoy2017,
    title = {{The Pact Smart-Contract Language}},
    year = {2017},
    author = {Popejoy, Stuart},
    pages = {1--15},
    url = {http://kadena.io}
}

@misc{TheEconomist2015,
    title = {{The promise of the blockchain: The trust machine}},
    year = {2015},
    author = {{The Economist}},
    url = {http://www.economist.com/news/leaders/21677198-technology-behind-bitcoin-could-transform-how-economy-works-trust-machine}
}

@inproceedings{Grigg2004,
    title = {{The Ricardian contract}},
    year = {2004},
    booktitle = {Proceedings. First IEEE International Workshop on Electronic Contracting, 2004.},
    author = {Grigg, Ian},
    pages = {25--31},
    publisher = {IEEE},
    url = {http://iang.org/papers/ricardian_contract.html http://ieeexplore.ieee.org/document/1319505/},
    isbn = {0-7695-2184-3},
    doi = {10.1109/WEC.2004.1319505}
}

@unpublished{Schwartz2014,
    title = {{The Ripple protocol consensus algorithm}},
    year = {2014},
    author = {Schwartz, David and Youngs, Noah and Britto, Arthur}
}

@article{Sun2012,
    title = {{The road less traveled: Strategy distinctiveness and hedge fund performance}},
    year = {2012},
    journal = {Review of Financial Studies},
    author = {Sun, Zheng and Wang, Ashley and Zheng, Lu},
    number = {1},
    pages = {96–143},
    volume = {25}
}

@phdthesis{Seppala2016,
    title = {{The role of trust in understanding the effects of blockchain on business models}},
    year = {2016},
    author = {Sepp{\"{a}}l{\"{a}}, Jane},
    school = {Aalto University}
}

@article{Blaze1999,
    title = {{The Role of Trust Management in Distributed Systems Security}},
    year = {1999},
    journal = {Secure Internet Programming},
    author = {Blaze, Matt and Feigenbaum, Joan and Ioannidis, John and Keromytis, Angelos D.},
    pages = {185--210},
    doi = {10.1007/3-540-48749-2{\_}8}
}

@unpublished{Harz2018,
    title = {{The Scalability of Trustless Trust}},
    year = {2018},
    author = {Harz, Dominik and Boman, Magnus},
    url = {http://arxiv.org/abs/1801.09535},
    doi = {arXiv:1801.09535v1},
    arxivId = {1801.09535},
    keywords = {agent, blockchain, distributed ledger, ethereum, multi-agent system, scalability, smart contract, trustless trust}
}

@article{Krishnan2015,
    title = {{The Second Wave of Hedge Fund Activism: The Importance of Reputation, Clout, and Expertise.}},
    year = {2015},
    journal = {Vanderbilt Law and Economics Research Paper},
    author = {Krishnan, CNV and Partnoy, Frank and Thomas, Randall S.},
    volume = {15-9}
}

@misc{Berners-Lee2001,
    title = {{The semantic web}},
    year = {2001},
    booktitle = {Scientific American},
    author = {Berners-Lee, Tim and Hendler, James and Lassila, Ora},
    isbn = {9783540762973},
    doi = {10.1038/scientificamerican0501-34},
    issn = {00368733},
    pmid = {122},
    arxivId = {1204.6441}
}

@unpublished{Popov2018,
    title = {{The Tangle}},
    year = {2018},
    author = {Popov, Serguei}
}

@misc{Brainard2016,
    title = {{The Use of Distributed Ledger Technologies in Payment, Clearing, and Settlement}},
    year = {2016},
    booktitle = {Institute of International Finance Blockchain Roundtable},
    author = {Brainard, Lael}
}

@article{Andersson1999,
    title = {{Time-Quality Tradeoffs in Reallocative Negotiation with Combinatorial Contract Types}},
    year = {1999},
    journal = {Proceedings of the National Conference on Artificial Intelligence (AAAI)},
    author = {Andersson, Martin and Sandholm, Tuomas},
    pages = {3--10},
    url = {http://www.aaai.org/Papers/AAAI/1999/AAAI99-001.pdf},
    isbn = {0262511061}
}

@article{Willmott2006,
    title = {{Towards an argument interchange format for multiagent systems}},
    year = {2006},
    journal = {ArgMAS},
    author = {Willmott, Steven and Vreeswijk, Gerard and Chesnevar, C},
    number = {September 2005},
    pages = {1--18},
    url = {http://lidecc.cs.uns.edu.ar/~cic/2006/2006_argmas.pdf}
}

@inproceedings{Gardner2017,
    title = {{Towards Logic-Based Verification of JavaScript Programs}},
    year = {2017},
    booktitle = {International Conference on Automated Deduction (CADE 2017)},
    author = {Santos, José Fragoso and Gardner, Philippa and Maksimovi{\'{c}}, Petar and Naud{\v{z}}i{\={u}}nien{\.{e}}, Daiva},
    pages = {8--25},
    volume = {10395},
    url = {http://link.springer.com/10.1007/978-3-319-63046-5 http://link.springer.com/10.1007/978-3-319-63046-5_2},
    isbn = {978-3-319-63045-8},
    doi = {10.1007/978-3-319-63046-5{\_}2}
}

@article{Lomuscio2012,
    title = {{Towards verifying contract regulated service composition}},
    year = {2012},
    journal = {Autonomous Agents and Multi-Agent Systems},
    author = {Lomuscio, Alessio and Qu, Hongyang and Solanki, Monika},
    number = {3},
    month = {5},
    pages = {345--373},
    volume = {24},
    url = {http://link.springer.com/10.1007/s10458-010-9152-3},
    isbn = {9780769533100},
    doi = {10.1007/s10458-010-9152-3},
    issn = {1387-2532},
    keywords = {Model checking, Multi-agent systems, Web services}
}

@inproceedings{Amani2018,
    title = {{Towards verifying ethereum smart contract bytecode in Isabelle/HOL}},
    year = {2018},
    booktitle = {Proceedings of the 7th ACM SIGPLAN International Conference on Certified Programs and Proofs - CPP 2018},
    author = {Amani, Sidney and B{\'{e}}gel, Myriam and Bortin, Maksym and Staples, Mark},
    number = {i},
    pages = {66--77},
    volume = {61},
    publisher = {ACM Press},
    url = {http://dl.acm.org/citation.cfm?doid=3176245.3167084},
    address = {New York, New York, USA},
    isbn = {9781450355865},
    doi = {10.1145/3167084},
    keywords = {acm reference format, and mark staples, blockchain, ethereum, formal verification, hol, isabelle, maksym bortin, myriam b{\'{e}}gel, sidney amani, smart contracts}
}

@inproceedings{Zhang2016,
    title = {{Town Crier}},
    year = {2016},
    booktitle = {Proceedings of the 2016 ACM SIGSAC Conference on Computer and Communications Security - CCS'16},
    author = {Zhang, Fan and Cecchetti, Ethan and Croman, Kyle and Juels, Ari and Shi, Elaine},
    pages = {270--282},
    publisher = {ACM Press},
    address = {New York, New York, USA},
    isbn = {9781450341394},
    doi = {10.1145/2976749.2978326},
    keywords = {authenticated data feeds, bitcoin, ethereum, intel sgx, smart contracts, trusted hardware}
}

@article{Christin2013,
    title = {{Traveling the Silk Road: A Measurement Analysis of a Large Anonymous Online Marketplace}},
    year = {2013},
    journal = {Proceedings of the 22nd international conference on World Wide Web},
    author = {Christin, Nicolas},
    number = {July 2012},
    pages = {213--224},
    url = {http://bib-ezproxy.epfl.ch:2149/citation.cfm?id=2488388.2488408},
    isbn = {978-1-4503-2035-1},
    doi = {10.1145/2488388.2488408},
    arxivId = {1207.7139},
    keywords = {anonymity, electronic commerce, online crime}
}

@misc{Reitwiessner2016,
    title = {{TrueBit - Off-Chain Computations for Smart Contracts}},
    year = {2016},
    booktitle = {Ethereum Meetup Berlin},
    author = {Reitwie{\ss}ner, Christian},
    url = {https://chriseth.github.io/notes/talks/truebit/#/}
}

@inproceedings{Jaradat2016,
    title = {{Trust And Privacy Correlations in Social Networks: A Deep Learning Framework}},
    year = {2016},
    booktitle = {IEEE/ACM International Conference on Advances in Social Networks Analysis and Mining (ASONAM)},
    author = {Jaradat, Shatha and Dokoohaki, Nima and Matskin, Mihhail and Ferrari, Elena},
    pages = {203--206},
    isbn = {9781509028467}
}

@misc{Bernauer2018,
    title = {{Trust but verify is a valuable DLT model - does your language support it?}},
    year = {2018},
    booktitle = {DAML series},
    author = {Bernauer, Alexander and Veprek, Ratko},
    url = {https://medium.com/daml-driven/trust-but-verify-is-a-valuable-dlt-model-does-your-language-support-it-bdb6ea7174c}
}

@article{Burnett2011,
    title = {{Trust decision-making in multi-agent systems}},
    year = {2011},
    journal = {IJCAI International Joint Conference on Artificial Intelligence},
    author = {Burnett, Chris and Norman, Timothy J. and Sycara, Katia},
    pages = {115--120},
    isbn = {9781577355120},
    doi = {10.5591/978-1-57735-516-8/IJCAI11-031},
    issn = {10450823},
    keywords = {Agent-Based and Multiagent Systems}
}

@article{Ramchurn2004,
    title = {{Trust in multi-agent systems}},
    year = {2004},
    journal = {The Knowledge Engineering Review},
    author = {Ramchurn, Sarvapali D. and Huynh, Dong and Jennings, Nicholas R.},
    number = {01},
    month = {3},
    pages = {1--25},
    volume = {19},
    isbn = {0269-8889},
    doi = {10.1017/S0269888904000116},
    issn = {0269-8889},
    pmid = {1767140064670383174}
}

@unpublished{Litos2017,
    title = {{Trust Is Risk: A Decentralized Financial Trust Platform.}},
    year = {2017},
    booktitle = {IACR Cryptology ePrint Archive},
    author = {Litos, Orfeas Stefanos Thyfronitis and Zindros, Dionysis},
    pages = {156},
    volume = {2017}
}

@inproceedings{DeFigueiredo2005,
    title = {{TrustDavis: A Non-Exploitable Online Reputation System}},
    year = {2005},
    booktitle = {Seventh IEEE International Conference on E-Commerce Technology (CEC'05)},
    author = {do B. DeFigueiredo, D. and Barr, E.T.},
    pages = {274--283},
    volume = {5},
    publisher = {IEEE},
    url = {http://ieeexplore.ieee.org/document/1524055/},
    isbn = {0-7695-2277-7},
    doi = {10.1109/ICECT.2005.98}
}

@misc{Szabo2001,
    title = {{Trusted Third Parties are Security Holes}},
    year = {2001},
    author = {Szabo, Nick},
    url = {http://nakamotoinstitute.org/trusted-third-parties/}
}

@unpublished{Werbach2016,
    title = {{Trustless Trust}},
    year = {2016},
    author = {Werbach, Kevin}
}

@article{Canetti2001,
    title = {{Universally composable security: a new paradigm for cryptographic protocols}},
    year = {2001},
    journal = {IEEE International Conference on Cluster Computing, SFCS},
    author = {Canetti, R.},
    pages = {136--145},
    url = {http://ieeexplore.ieee.org/lpdocs/epic03/wrapper.htm?arnumber=959888},
    isbn = {0-7695-1116-3},
    doi = {10.1109/SFCS.2001.959888},
    issn = {02725428},
    keywords = {Application software, Computer science, Computer security, Cryptographic protocols, Cryptography, Internet, Job design, Mathematical model, Radio access networks, Reactive power, adversarially controlled execution, arbitrary protocols, arbitrary system, authenticated communication, bibliographies, complex unpredictable environments, computability, concurrent composition, cryptographic protocol paradigm, cryptographic task, cryptography, key-exchange, message authentication, non-malleability, oblivious transfer, protocols, public-key encryption, secure communication, secure protocol, universally composable definitions, universally composable security, zero knowledge}
}

@incollection{Bigi2015,
    title = {{Validation of Decentralised Smart Contracts Through Game Theory and Formal Methods}},
    year = {2015},
    booktitle = {Programming Languages with Applications to Biology and Security},
    author = {Bigi, Giancarlo and Bracciali, Andrea and Meacci, Giovanni and Tuosto, Emilio},
    pages = {142--161},
    volume = {9465},
    isbn = {978-3-319-25526-2},
    doi = {10.1007/978-3-319-25527-9{\_}11}
}

@book{Greenwald2004,
    title = {{Value Investing: From Graham to Buffett and Beyond}},
    year = {2004},
    author = {Greenwald, B.C.N. and Kahn, J. and Sonkin, P.D. and van Biema, M.},
    series = {Wiley finance},
    publisher = {John Wiley {\&} Sons},
    url = {https://books.google.se/books?id=gvCzlskpZxoC},
    isbn = {978-0-471-46339-9}
}

@article{Zhao2013,
    title = {{VectorTrust: trust vector aggregation scheme for trust management in peer-to-peer networks}},
    year = {2013},
    journal = {The Journal of Supercomputing},
    author = {Zhao, Huanyu and Li, Xiaolin},
    number = {3},
    month = {6},
    pages = {805--829},
    volume = {64},
    doi = {10.1007/s11227-011-0576-6},
    issn = {0920-8542},
    keywords = {peer-to-peer, reputation, trust management, vectortrust}
}

@article{Boneh2018,
    title = {{Verifiable Delay Functions}},
    year = {2018},
    author = {Boneh, Dan and Bonneau, Joseph and B{\"{u}}nz, Benedikt and Fisch, Ben},
    pages = {1--29},
    url = {https://eprint.iacr.org/2018/601.pdf}
}

@misc{Buterin2018,
    title = {{Verifiable delay functions and attacks}},
    year = {2018},
    author = {Buterin, Vitalik},
    url = {https://ethresear.ch/t/verifiable-delay-functions-and-attacks/2365}
}

@article{Braun2013,
    title = {{Verifying computations with state}},
    year = {2013},
    journal = {Sosp '13},
    author = {Braun, Benjamin and Feldman, Ariel J. and Ren, Zuocheng and Setty, Srinath and Blumberg, Andrew J. and Walfish, Michael},
    pages = {341--357},
    url = {http://dl.acm.org/citation.cfm?id=2517349.2522733},
    isbn = {9781450323888},
    doi = {10.1145/2517349.2522733},
    keywords = {applications of PCPs, implementation, verifiable computation with state, zero knowledge}
}

@article{Walfish2015,
    title = {{Verifying computations without reexecuting them}},
    year = {2015},
    journal = {Communications of the ACM},
    author = {Walfish, Michael and Blumberg, Andrew J},
    number = {2},
    month = {1},
    pages = {74--84},
    volume = {58},
    isbn = {0001-0782},
    doi = {10.1145/2641562},
    issn = {00010782}
}

@article{Paurobally2004,
    title = {{Verifying the contract net protocol: a case study in interaction protocol and agent communication semantics}},
    year = {2004},
    journal = {Proc International Workshop on Logic and Communication in MultiAgent Systems},
    author = {Paurobally, S and Cunningham, J and Jennings, N R},
    pages = {1--20},
    url = {http://eprints.soton.ac.uk/259563/}
}

@inproceedings{Shi2005,
    title = {{Virtual Machine Showdown: Stack Versus Registers}},
    year = {2005},
    booktitle = {Proceedings of the 1st ACM/USENIX international conference on Virtual execution environments - VEE '05},
    author = {Shi, Yunhe and Gregg, David and Beatty, Andrew and Ertl, M Anton},
    number = {4},
    pages = {153},
    volume = {4},
    publisher = {ACM Press},
    url = {http://portal.acm.org/citation.cfm?id=1328195.1328197 http://portal.acm.org/citation.cfm?doid=1064979.1065001},
    address = {New York, New York, USA},
    isbn = {1595930477},
    doi = {10.1145/1064979.1065001},
    issn = {15443566}
}

@misc{Ethereum2018Vyper,
    title = {{Vyper documentation}},
    year = {2018},
    author = {{Ethereum Foundation}},
    url = {https://vyper.readthedocs.io/en/latest/?badge=latest}
}

@misc{Ethereum2017a,
    title = {{web3 JavaScript API}},
    year = {2017},
    author = {{Ethereum}},
    url = {https://github.com/ethereum/wiki/wiki/JavaScript-API}
}

@misc{OCamlProSAS2018,
    title = {{Welcome to Liquidity’s documentation!}},
    year = {2018},
    author = {{OCamlPro SAS}},
    url = {http://www.liquidity-lang.org/doc/}
}

@misc{Whaleclub2017,
    title = {{Whaleclub}},
    year = {2017},
    author = {{Whaleclub}},
    url = {https://whaleclub.co/}
}

@misc{Harding2017,
    title = {{What is a Bitcoin Merklized Abstract Syntax Tree (MAST)?}},
    year = {2017},
    author = {Harding, David},
    url = {https://bitcointechtalk.com/what-is-a-bitcoin-merklized-abstract-syntax-tree-mast-33fdf2da5e2f}
}

@misc{Ethermint2017,
    title = {{What is Ethermint?}},
    year = {2017},
    author = {{Ethermint documentation}},
    url = {http://ethermint.readthedocs.io/en/develop/introduction/what-is-ethermint.html}
}

@misc{Meier2018,
    title = {{What properties must an enterprise smart contract language have?}},
    year = {2018},
    booktitle = {DAML series},
    author = {Meier, Simon and Mitchell, Neil},
    url = {https://medium.com/daml-driven/what-properties-must-an-enterprise-smart-contract-language-have-b4c251582343}
}

@techreport{Crenshaw2012CompilerTutorial,
    title = {{Compiler Building Tutorial}},
    year = {2012},
    author = {Crenshaw, Jack W},
    url = {https://www.stack.nl/~marcov/compiler.pdf}
}

@misc{BOScoin2017Smart3,
    title = {{Smart Contracts and Trust Contracts: Part 3}},
    year = {2017},
    author = {{BOScoin}},
    url = {https://medium.com/@boscoin/smart-contracts-trust-contracts-part-3-6cf76bf5882e}
}
@unpublished{Teutsch2016,
    title = {{When cryptocurrencies mine their own business}},
    year = {2016},
    author = {Teutsch, Jason and Jain, Sanjay and Saxena, Prateek},
    pages = {1--16}
}

@article{Yli-Huumo2016,
    title = {{Where Is Current Research on Blockchain Technology?—A Systematic Review}},
    year = {2016},
    journal = {Plos One},
    author = {Yli-Huumo, Jesse and Ko, Deokyoon and Choi, Sujin and Park, Sooyong and Smolander, Kari},
    number = {10},
    pages = {e0163477},
    volume = {11},
    url = {http://dx.plos.org/10.1371/journal.pone.0163477},
    doi = {10.1371/journal.pone.0163477},
    issn = {1932-6203}
}

@misc{Bohannon2016,
    title = {{Why criminals can't hide behind Bitcoin}},
    year = {2016},
    author = {Bohannon, John},
    url = {http://www.sciencemag.org/news/2016/03/why-criminals-cant-hide-behind-bitcoin}
}

@misc{Greenspan2016,
    title = {{Why Many Smart Contract Use Cases Are Simply Impossible}},
    year = {2016},
    author = {Greenspan, Gideon},
    month = {4},
    url = {http://www.coindesk.com/three-smart-contract-misconceptions/}
}

@misc{IOHK2018,
    title = {{Why we are building Cardano - Introduction}},
    year = {2018},
    author = {{IOHK}},
    url = {https://whycardano.com/}
}

@unpublished{Schrans2018,
    title = {{Writing Safe Smart Contracts in Flint}},
    year = {2018},
    author = {Schrans, Franklin and Eisenbach, Susan and Drossopoulou, Sophia},
    isbn = {9781450355131}
}

@misc{ICONOMI2017,
    title = {{Your connection to the distributed economy}},
    year = {2017},
    author = {{ICONOMI}},
    url = {https://www.iconomi.net/}
}

@incollection{DeMoura2008,
    title = {{Z3: An Efficient SMT Solver}},
    year = {2008},
    author = {de Moura, Leonardo and Bj{\o}rner, Nikolaj},
    pages = {337--340}
}

@techreport{Hopwood2016,
    title = {{Zcash Protocol Specification}},
    year = {2016},
    author = {Hopwood, Daira and Sean, Bowe and Hornby, Taylor and Wilcox, Nathan},
    number = {2016-1.10},
    institution = {Zerocoin Electric Coin Company}
}

@article{Miller2016,
    title = {{Zero-Collateral Lotteries in Bitcoin and Ethereum}},
    year = {2016},
    author = {Miller, Andrew and Bentov, Iddo},
    pages = {1--17},
    url = {http://arxiv.org/abs/1612.05390},
    arxivId = {1612.05390}
}

@inproceedings{Sasson2014,
    title = {{Zerocash: Decentralized Anonymous Payments from Bitcoin}},
    year = {2014},
    booktitle = {2014 IEEE Symposium on Security and Privacy},
    author = {Sasson, Eli Ben and Chiesa, Alessandro and Garman, Christina and Green, Matthew and Miers, Ian and Tromer, Eran and Virza, Madars},
    month = {5},
    pages = {459--474},
    publisher = {IEEE},
    url = {http://ieeexplore.ieee.org/document/6956581/},
    isbn = {978-1-4799-4686-0},
    doi = {10.1109/SP.2014.36},
    keywords = {after some interval, bitcoin, coins must be, decentralized electronic cash, from the pool, from three limitations, i, mixes suffer, party and then, retrieve different coins, the delay to reclaim, value, with the same total, yet, zero knowledge}
}

@article{Miers2013,
    title = {{Zerocoin: Anonymous distributed e-cash from bitcoin}},
    year = {2013},
    journal = {Proceedings - IEEE Symposium on Security and Privacy},
    author = {Miers, Ian and Garman, Christina and Green, Matthew and Rubin, Aviel D.},
    pages = {397--411},
    isbn = {9780769549774},
    doi = {10.1109/SP.2013.34},
    issn = {10816011}
}

@inproceedings{Kalra2018,
    title = {{ZEUS: Analyzing Safety of Smart Contracts}},
    year = {2018},
    booktitle = {Proceedings 2018 Network and Distributed System Security Symposium},
    author = {Kalra, Sukrit and Goel, Seep and Dhawan, Mohan and Sharma, Subodh},
    number = {February},
    publisher = {Internet Society},
    url = {http://wp.internetsociety.org/ndss/wp-content/uploads/sites/25/2018/02/ndss2018_09-1_Kalra_paper.pdf},
    address = {Reston, VA},
    isbn = {1-891562-49-5},
    doi = {10.14722/ndss.2018.23082}
}

@misc{Reitwiener,
    title = {{zkSNARKs in a Nutshell}},
    year = {2016},
    author = {Reitwie{\ss}ner, Christian},
    pages = {1--15},
    url = {https://blog.ethereum.org/2016/12/05/zksnarks-in-a-nutshell/}
}